3314 4670
262 1411 325 1546 hssn
347 1473 463 1538 magno
485 1467 615 1520 numero
639 1467 760 1538 eorum,
789 1444 844 1536 qui
870 1462 943 1541 post
974 1447 1159 1539 Homerum,
1192 1446 1365 1542 prinoipem

150 1549 237 1614 illum
252 1557 427 1634 poetarum,
439 1572 496 1636 pro
509 1574 565 1618 suo
581 1552 713 1635 quisque
725 1551 853 1636 ingenio
869 1561 1020 1637 quantum
1034 1559 1182 1636 poterant
1196 1554 1366 1618 attulerunt

150 1673 220 1717 eum
243 1653 285 1716 ad
307 1653 488 1735 augendam
509 1653 633 1718 laudem
656 1653 814 1718 literarum
838 1653 1033 1720 Graecarum
1054 1663 1120 1720 tum
1142 1655 1183 1719 ad
1204 1655 1283 1720 illud
1299 1676 1364 1720 ear-

148 1753 269 1818 minum
291 1774 401 1838 genus,
426 1755 511 1836 quod
534 1757 708 1840 elegiacum
730 1767 872 1838 voratur,
897 1757 1118 1839 excolendum,
1137 1777 1200 1822 non
1222 1758 1363 1823 ultimum

149 1855 254 1920 ionum
277 1854 397 1920 obtinet
418 1856 589 1939 Theognis.

252 1955 313 2020 Hie
336 1956 461 2022 exoellit
482 1956 564 2022 inter
586 1964 708 2024 eeteros
730 1979 794 2023 non
815 1958 909 2024 modo
929 1945 1047 2026 maiore
1062 1981 1209 2026 versuum
1224 1983 1364 2044 nmnero,

152 2057 205 2140 qui
229 2057 269 2122 de
291 2058 357 2124 eius
378 2060 458 2125 libro
480 2067 659 2144 supersunt,
682 2059 739 2124 sed
770 2059 909 2124 deleetat
931 2061 1026 2126 etiam
1049 2062 1220 2146 legentium
1244 2061 1383 2128 animos‘

148 2159 252 2244 magis
274 2180 367 2243 quam
392 2161 487 2225 ceteri
509 2162 653 2226 uberiore
676 2168 706 2226 et
728 2161 952 2226 sententiarum
973 2171 1004 2226 et
1024 2183 1128 2227 rerum
1143 2163 1244 2248 eopia.
1282 2165 1365 2228 Nam

149 2283 220 2327 eum
241 2261 275 2326 id
296 2260 459 2345 proprium
486 2261 528 2326 sit
553 2269 668 2345 poetae
694 2262 830 2346 elegiaci
856 2284 918 2329 non
945 2271 1010 2327 tam
1031 2285 1082 2330 res
1104 2285 1246 2348 narrare,
1270 2286 1364 2347 quam

150 2362 266 2444 quibus
288 2362 385 2426 animi
406 2371 572 2428 moveatur
594 2364 816 2431 affectionibus
839 2364 1029 2448 describere,
1044 2365 1122 2430 illud
1136 2366 1269 2434 interest
1283 2368 1364 2430 inter

150 2462 369 2544 Theognidem
390 2471 421 2528 et
443 2471 579 2550 eeteros,
602 2469 655 2550 qui
679 2466 821 2550 elegiaca
854 2467 992 2531 earmina
1025 2465 1245 2550 eondiderunt,
1279 2467 1365 2549 quod

150 2566 201 2630 hie
221 2565 325 2630 minus
345 2565 377 2634 in
399 2567 493 2632 oertis
515 2567 705 2650 quibusdam
731 2568 825 2634 rebus
852 2569 981 2651 suisque
1014 2567 1109 2632 animi
1143 2568 1365 2634 affectionibus

147 2666 367 2734 describendis
398 2674 556 2750 versatur,
590 2689 684 2751 quam
712 2689 751 2734 ex
779 2669 934 2736 eiusmodi
963 2669 1073 2734 iudioii
1095 2669 1251 2750 augustiis
1274 2669 1364 2752 quasi

148 2789 316 2855 emergens
338 2769 381 2834 ad
402 2770 516 2835 altiora
537 2769 641 2834 tendit
659 2769 715 2852 ita,
736 2776 769 2834 ut
785 2772 811 2836 si
828 2791 891 2852 qua
906 2793 939 2837 re
954 2770 1126 2855 aliquando
1148 2770 1364 2836 vehementius

149 2880 324 2939 eommotus
357 2871 495 2953 videtur,
529 2890 600 2935 eam
632 2861 816 2936 transferat¹
836 2872 877 2936 ad
915 2893 1038 2938 omnem
1069 2872 1168 2937 vitam
1190 2871 1364 2936 orationem

150 2983 431 3057 argumentumque
458 2972 657 3038 conformans
684 2972 724 3036 ad
753 2995 844 3039 usum
867 2994 1071 3039 eommunem.
1117 2974 1186 3052 Quo
1209 2974 1252 3054 fit,
1276 2981 1310 3038 ut
1332 2974 1365 3038 in

150 3075 346 3159 Theognidis
370 3074 560 3140 earminibus
583 3074 743 3138 uberrima
756 3083 999 3159 praeceptorum
1015 3077 1107 3159 eopia
1120 3075 1197 3139 insit
1211 3073 1253 3137 ad
1267 3075 1365 3139 vitam

151 3178 232 3242 bene
264 3185 412 3259 reeteque
443 3175 684 3260 instituendam,
717 3196 799 3259 quae
833 3177 951 3261 optime
985 3175 1174 3241 eonveniant
1195 3175 1238 3242 ad
1260 3177 1366 3242 omnia

60 3325 66 3333 «
146 3285 301 3362 tempora.
562 3277 563 3281 ’

252 3379 346 3459 Quod
368 3379 508 3446 Graecos
530 3379 657 3444 minime
672 3379 771 3464 fugit,
782 3399 854 3442 nam
870 3399 933 3443 nou
949 3378 1158 3444 dubitandum
1174 3385 1221 3442 est
1237 3388 1364 3444 auetore

150 3481 320 3564 Aeschine,
349 3481 423 3564 quin
449 3481 491 3545 ab
518 3480 766 3547 Atheniensibus
789 3479 917 3563 quidem
940 3483 1029 3564 pueri
1052 3479 1120 3544 eius
1144 3480 1283 3544 nemina
1304 3481 1365 3546 leo·

34 3649 38 3656 ,
151 3583 242 3647 titare
267 3583 343 3650 iussi
373 3584 448 3665 sint,
472 3581 556 3665 quod
578 3603 641 3648 non
664 3583 783 3648 fautum
806 3590 904 3664 esset,
928 3583 989 3648 nisi
1011 3582 1067 3646 illa
1094 3579 1234 3644 earmina
1268 3581 1366 3666 digna

31 3698 37 3762 t
153 3689 184 3748 et
205 3683 320 3750 idonea
340 3685 451 3750 habita
473 3691 586 3765 essent,
621 3685 733 3767 quibus
765 3704 932 3767 puerorum
959 3682 1055 3748 animi
1077 3681 1253 3766 sapientiae
1275 3703 1365 3766 prae·

36 3774 41 3804 “
151 3785 252 3870 eeptis
273 3786 495 3852 imbuerentur.
538 3785 667 3849 Plurimi
685 3785 780 3869 igitur
799 3785 862 3848 iam
877 3783 1014 3866 antiquis
1029 3783 1225 3868 temporibus
1241 3783 1366 3850 habitus

36 3829 46 3976 i,
150 3895 200 3954 est
222 3887 398 3972 Theognis,
426 3909 489 3953 non
515 3886 643 3952 minoris
669 3887 853 3952 aestimatur
879 3885 973 3950 etiam
1004 3886 1064 3950 hae
1085 3892 1192 3950 nostra
1214 3887 1366 3951 memoria

42 3993 49 4042 t
149 3990 295 4056 amultis
323 3996 354 4054 et
380 3989 483 4054 doetis
514 3987 708 4069 hominibus,
742 3988 796 4070 qui
828 3987 897 4052 eius
928 3985 1073 4052 versibus
1105 3987 1306 4053 restituendis
1335 3996 1366 4054 et

52 4061 64 4162 h
148 4091 393 4175 interpretandis
410 4111 543 4174 ,operam
567 4088 722 4154 dederunt
742 4088 839 4172 idque
861 4088 998 4170 student,
1021 4095 1055 4152 ut
1076 4088 1129 4152 hie
1147 4087 1180 4151 in
1203 4109 1365 4153 numerum

62 4191 70 4286 '3
151 4211 257 4256 eorum
290 4193 478 4274 scriptorum
510 4191 689 4276 recipiatur,
724 4211 855 4273 quorum
887 4190 1014 4274 seriptis
1047 4189 1080 4254 in
1106 4190 1221 4256 sobolis
1249 4191 1366 4256 nostris

68 4301 73 4344 ἓ
149 4311 316 4375 puerorum
341 4299 373 4357 et
394 4292 639 4362 adoleseentium
662 4291 758 4358 animi
782 4293 904 4357 ahrutnr
925 4298 958 4358 et
979 4291 1131 4356 ooluntur.

74 4413 77 4420 .
1183 4409 1214 4460 1*
