3314 4670
834 241 1035 306 ..12-

428 441 661 524 Nonnunquam
704 448 819 526 tamen,
864 443 957 510 docet
999 446 1252 529 Nietzsohius'⁶),
1287 448 1367 513 abiri
1399 449 1431 513 in
1462 451 1543 517 hano

326 542 508 608 formulam:

477 628 590 710 fragm.
614 649 694 691 a-
719 649 781 694 vox
803 629 844 712 X,

478 728 590 813 fragm.
614 731 689 795 b-
740 779 759 812 „
804 732 844 814 X,

477 830 589 914 fragm.
614 853 631 896 6
654 871 694 880 -
737 882 756 916 ,,
801 834 842 916 X,
866 854 928 898 vox
950 834 989 916 Y,

477 931 589 1015 fragm.
613 933 689 998 d·-
887 985 906 1017 „
951 935 1061 1002 Yeto.

327 1089 332 1098 .
426 1036 559 1100 Prorsus
582 1046 688 1102 autem
709 1036 875 1119 neglectae
897 1037 978 1120 legis
1000 1037 1086 1104 idem
1108 1039 1166 1103 has
1189 1055 1302 1102 causas
1322 1037 1436 1119 attulit,
1456 1039 1540 1120 quod

323 1158 434 1204 versus
456 1137 583 1222 repetiti
605 1159 625 1202 a
646 1138 785 1203 librariis
808 1138 917 1204 omissi
940 1148 1057 1222 essent,
1081 1147 1136 1205 aut
1159 1138 1245 1220 quod
1266 1139 1297 1201 in
1317 1144 1434 1204 nostris
1450 1139 1539 1204 editi-

320 1239 436 1304 onibus
460 1239 552 1304 aliter
574 1246 668 1321 atque
692 1240 830 1322 antiquis
851 1242 1044 1325 temporibus
1061 1241 1201 1306 earmina
1215 1238 1439 1305 dividerentur.
1478 1241 1541 1306 Sed

319 1361 395 1406 vorum
429 1341 531 1406 obiter
563 1341 680 1423 legenti
713 1350 767 1407 aut
800 1342 871 1408 aliis
895 1345 990 1408 rebus
1012 1343 1132 1407 intento
1155 1362 1195 1407 ea
1216 1341 1269 1405 lex
1291 1361 1354 1404 non
1376 1353 1542 1426 appareat,

325 1444 399 1525 quia
425 1443 481 1508 illa
507 1445 615 1525 verba,
643 1464 725 1525 quae
753 1465 809 1528 pro
832 1444 966 1509 vinculis
990 1444 1162 1508 carminum
1184 1449 1266 1524 sunt,
1291 1462 1392 1525 neque
1416 1445 1543 1530 conspi-

324 1545 392 1610 ouis
414 1545 491 1611 locis
515 1553 587 1610 sunt
608 1545 711 1629 posita
732 1567 834 1630 neque
856 1547 929 1630 ipsa
950 1546 1046 1612 totius
1067 1544 1243 1610 sententiae
1263 1543 1454 1627 gravissima
1470 1554 1544 1612 sunt

325 1685 364 1694 -
386 1646 419 1710 id
441 1647 525 1728 quod
547 1647 684 1711 maxime
707 1648 748 1712 ab
772 1647 924 1714 eiusmodi
944 1649 1065 1712 ratione
1086 1647 1211 1712 diversa
1225 1647 1306 1712 inter
1331 1667 1365 1712 se
1391 1649 1542 1713 nectendi

319 1747 530 1830 desideratur,
554 1787 594 1795 -
617 1770 731 1814 vereor
752 1757 786 1814 ut
804 1750 954 1835 cuiquam
970 1749 1084 1832 adhuc,
1096 1769 1178 1830 quae
1192 1748 1393 1814 Nietzsohius
1409 1749 1443 1814 in
1460 1750 1544 1815 hano

324 1849 512 1914 sententiam
546 1849 707 1932 disseruit,
739 1850 919 1934 probabilia
955 1849 1131 1914 videantur.
1190 1850 1378 1915 Leutschius
1414 1850 1544 1932 quidem

322 1951 475 2036 probavit,
500 1971 581 2032 quae
604 1958 711 2016 contra
734 1951 907 2034 disputavit
929 1950 1176 2032 Fritzsohius,¹⁷)
1198 1951 1262 2032 qui,
1283 1950 1360 2034 quid
1375 1953 1442 2017 sibi
1459 1953 1543 2017 vide-

322 2060 401 2133 atur,
424 2051 563 2117 breviter
585 2052 821 2136 comprehendit
836 2051 869 2115 in
884 2052 968 2117 lrune
982 2052 1127 2118 modum:
1150 2053 1208 2135 „In
1232 2052 1295 2117 den
1319 2055 1400 2119 1389
1422 2056 1542 2120 Versen

321 2155 451 2219 konnen
473 2154 530 2217 wir
552 2154 637 2218 nicht
660 2155 730 2219 eine
747 2155 931 2220 Redaktion
943 2155 1115 2236 erblioken,
1132 2154 1230 2219 deren
1246 2155 1542 2241 Ordnungsprinoip

322 2256 380 2322 das
402 2256 571 2321 Stiohwort
593 2257 641 2338 ist,
665 2256 802 2322 sondern
825 2265 952 2322 mussan
974 2277 1033 2322 uns
1056 2257 1235 2339 begntigen,
1252 2256 1352 2321 durch
1367 2257 1409 2320 Ni
1417 2256 1538 2323 etzohes

322 2358 566 2440 Untersuohung
587 2360 708 2441 gelernt
731 2379 769 2422 uu
791 2359 906 2440 haben,
936 2359 1010 2424 dass
1038 2379 1132 2423 unser
1159 2356 1321 2439 Theognis
1344 2378 1536 2424 zusammen-

321 2460 530 2544 geschrieben
555 2461 595 2525 ist
622 2480 678 2524 aus
704 2460 870 2524 melrreren
893 2460 1129 2542 Sammlungen,
1152 2458 1251 2523 deren
1273 2457 1344 2522 eine
1366 2461 1432 2526 und
1455 2480 1538 2525 nwar

320 2561 563 2645 hauptsttohlich
586 2562 735 2625 benutzte
756 2563 837 2625 nach
861 2561 932 2625 dem
957 2561 1128 2626 Stichwort
1149 2558 1303 2643 geordnet
1316 2565 1416 2624 war.“
1448 2561 1538 2626 Nihi-

318 2663 454 2728 lominus
476 2663 556 2726 haeo
579 2683 629 2728 res
650 2661 728 2726 milri
751 2662 849 2745 digna
871 2663 941 2727 visa
964 2671 1021 2744 est,
1044 2663 1078 2726 in
1100 2683 1194 2744 quam
1217 2661 1320 2726 denuo
1346 2661 1538 2744 inquirerem

322 2785 392 2829 oum
417 2772 599 2845 retractans,
628 2784 709 2845 quae
736 2763 936 2830 Nietzschius
962 2764 1123 2829 invenisse
1151 2763 1211 2828 sibi
1239 2763 1369 2842 videtur,
1393 2770 1459 2824 tum
1483 2784 1539 2828 eas

318 2875 427 2950 partes
449 2866 645 2949 perquirens,
669 2885 748 2948 quas
770 2866 822 2930 1116
837 2865 1060 2950 praetermisit.
1104 2865 1187 2929 lllud
1202 2869 1307 2927 autem
1323 2881 1382 2942 ego
1399 2863 1538 2928 maxime
1633 2939 1634 2956 ,

320 2966 436 3049 studui,
464 2975 498 3031 ut
525 2967 740 3050 conquirerem
767 2967 866 3032 verba
892 2968 1005 3050 omnia,
1034 2986 1115 3050 quae
1144 2971 1199 3028 aut
1225 2961 1316 3046 paria
1341 2971 1396 3026 aut
1424 2964 1540 3030 similia

319 3077 375 3134 aut
406 3089 630 3150 nonnunquam
665 3068 781 3151 pariter
813 3076 935 3133 tantum
968 3067 1114 3133 sonantia
1146 3074 1200 3130 aut
1226 3063 1310 3128 idem
1335 3064 1479 3130 valentia
1505 3066 1536 3128 11

318 3171 428 3237 vioinis
451 3169 637 3252 fragmentis
659 3171 868 3235 inveniuntur.
913 3169 967 3234 Sic
990 3168 1073 3232 enim
1095 3166 1173 3230 mihi
1194 3166 1341 3248 persuasi
1363 3189 1427 3232 non
1442 3183 1535 3251 posse

319 3274 402 3338 hano
424 3271 669 3337 controversiam
692 3272 862 3355 disceptari
885 3279 917 3337 et
939 3265 1116 3348 diiudicari,
1138 3267 1199 3332 nisi
1222 3268 1337 3350 omnia,
1366 3289 1447 3352 quae
1474 3267 1535 3330 huo

320 3375 509 3460 pertineant,
533 3393 655 3438 summa
679 3394 753 3436 cura
775 3394 814 3437 ac
836 3371 1002 3454 diligentia
1026 3377 1179 3453 congesta
1195 3377 1226 3433 et
1241 3371 1272 3435 in
1288 3392 1350 3437 uno
1367 3372 1536 3452 conspeetu

319 3477 424 3562 posita
446 3475 517 3540 sint.
562 3475 645 3538 Nam
667 3472 793 3538 selectis
816 3480 936 3536 tantum
960 3471 1007 3536 eis
1032 3472 1173 3556 partibus
1194 3473 1277 3555 libri,
1301 3495 1383 3556 quae
1405 3470 1448 3536 illi
1472 3467 1538 3551 legi

320 3586 373 3644 aut
407 3579 534 3643 obstant
567 3584 620 3640 aut
654 3576 772 3656 favent,
807 3583 841 3639 ut
875 3593 1030 3658 quemque
1057 3574 1181 3640 animus
1208 3575 1242 3639 in
1269 3575 1351 3638 hano
1373 3582 1427 3639 aut
1449 3573 1538 3636 illam

319 3686 442 3765 partem
464 3677 535 3758 fert,
558 3678 602 3742 uti
625 3677 711 3756 11661,
736 3675 916 3758 quicunque
939 3675 1018 3741 alios
1039 3677 1080 3740 ad
1101 3678 1334 3742 alteramutram
1349 3675 1536 3740 sententiam

319 3781 387 3847 vult
409 3780 591 3864 perducere,
615 3778 784 3861 nonlicet,
809 3778 989 3861 quicunque
1012 3778 1054 3843 ad
1077 3800 1183 3844 veram
1206 3776 1345 3842 universi
1372 3776 1445 3841 libri
1464 3771 1535 3837 rati-

320 3904 411 3950 onem
445 3881 695 3964 cognoscendam
729 3881 796 3946 vult
828 3882 1003 3965 pervenire.
1053 3881 1141 3959 Quae
1178 3879 1272 3961 igitur
1305 3878 1359 3961 ita,
1393 3885 1427 3942 ut
1460 3869 1534 3950 dlxi,

320 3984 577 4066 conquisivimus
611 3983 663 4047 1116
695 3983 892 4066 apponimus,
925 3983 1022 4049 literis
1056 3983 1149 4046 latius
1180 3980 1343 4066 dispositis
1366 3972 1536 4057 conspicua

319 4086 498 4168 reddentes,
532 4106 613 4169 quae
637 4083 723 4169 apud
751 4085 968 4151 Nietzsohium
994 4086 1014 4149 l.
1039 4105 1065 4148 6.
1087 4084 1244 4166 leguntur,
1268 4090 1300 4147 et
1321 4074 1458 4146 numeris
1480 4070 1536 4136 ad-

320 4188 394 4254 ditis
426 4188 612 4269 indicantes,
649 4194 725 4270 quot
758 4187 899 4252 earmina
926 4189 1008 4252 inter
1030 4185 1121 4268 paria
1143 4185 1240 4250 verba
1267 4181 1432 4248 interiecta
1464 4173 1535 4239 sint.

318 4277 521 4291 μ’

426 4294 459 4432 111
476 4294 756 4432 lulliginum,
775 4363 909 4418 sao-ro.
