3314 4670
630 213 833 280 ...m...

161 428 162 432 ’
228 415 316 500 Haec
338 412 495 498 quomodo
516 413 657 498 intellegi
679 433 737 480 nos
758 413 900 497 velimus,
928 413 1095 478 uerborum
1118 412 1341 479 distributione
1406 395 1407 401 ἵ

123 518 345 585 indicavimus.
400 516 448 580 Ex
481 517 604 585 duobus
637 523 743 582 autam
770 515 858 581 libris
886 536 925 580 ea
952 516 1131 600 conscripta
1153 535 1224 582 asse
1245 515 1340 581 hodie

123 643 217 688 nemo
234 622 317 696 ,fere
349 621 498 702 negat.⁴⁰)
552 619 666 684 Verum
700 637 771 684 cum
803 618 883 683 haec
915 617 1031 684 Suidas
1059 638 1122 683 non
1144 617 1213 682 sine
1235 615 1340 700 aliquo

122 723 241 789 iudicio
276 721 498 804 conscriberet,
531 720 615 803 quod
648 719 841 804 intellegitur
874 741 914 784 ex
946 720 1002 800 eis,
1035 739 1117 803 quac
1154 719 1256 784 addit:
1289 720 1341 782 καὶ
1460 742 1464 751 ·

124 825 329 905 παραινέσεις
351 825 408 902 μὲν
431 821 551 902 ἔγραψε
574 823 609 886 Θ.
631 826 694 894 κτλ,
718 841 799 903 quae
827 842 924 906 supra
949 821 1118 907 attulimus,
1147 820 1204 886 sed
1232 826 1341 904 aperte

127 949 166 992 ea
188 927 330 992 scribens
353 924 549 1010 Theognidis
571 924 684 988 librum
711 923 744 988 in
770 923 917 988 manibus
937 924 1084 989 haberet:
1107 924 1181 988 hcet
1202 923 1341 987 animum

124 1029 284 1110 inducere,
312 1026 387 1092 inde
414 1048 434 1091 a
460 1026 568 1092 verbis
597 1027 752 1105 καὶπρὸς
775 1025 896 1104 Κύρνον
918 1028 981 1090 κτλ.
1004 1045 1063 1090 sua
1084 1045 1155 1090 eum
1178 1025 1341 1092 addidisse

125 1139 167 1213 et,
191 1150 261 1196 oum
282 1129 314 1193 in
338 1130 424 1195 calce
446 1127 587 1194 adiceret
608 1129 647 1192 τὰ
668 1128 771 1192 πάντα
795 1123 866 1207 βως’
897 1126 1026 1192 -sive
1050 1147 1144 1209 quem
1166 1127 1261 1192 alium
1285 1146 1341 1190 nu·

125 1253 246 1299 merum
270 1253 310 1297 ex
332 1253 410 1298 voce
433 1232 550 1309 ἐπικῶς
579 1231 723 1296 conicere
749 1229 842 1296 malis
863 1267 905 1278 -
931 1223 1083 1294 summam
1105 1227 1220 1294 fecisse
1243 1228 1341 1293 omni-

128 1357 181 1400 um
203 1334 489 1418 Theognideorum,
513 1341 543 1398 et
566 1333 645 1409 ἐλεγ.
669 1333 715 1411 εἰς
736 1354 761 1396 τ.
785 1338 863 1397 σωθ.
879 1353 904 1396 τ.
919 1335 993 1411 Συρ.
1010 1339 1043 1397 et
1056 1332 1185 1409 γνώμας
1208 1327 1246 1394 δι’
1261 1330 1340 1405 ἐλεγ.

130 1442 374 1520 computantem:
397 1436 502 1520 priore
525 1441 628 1500 autem
651 1454 781 1500 numero
803 1440 859 1514 dm
882 1453 988 1498 eornm
1014 1451 1162 1500 versuum
1189 1433 1342 1518 rationem

130 1537 312 1619 instituisse,
335 1557 414 1618 quos
436 1557 494 1602 nos
517 1537 576 1602 sub
600 1536 699 1618 signis
722 1557 742 1600 a
763 1543 794 1600 et
816 1535 837 1599 b
860 1535 1032 1618 posuimus.
1078 1536 1127 1599 Ita
1142 1555 1211 1600 cum
1228 1555 1267 1600 ex
1281 1535 1342 1600 hoc

128 1639 231 1724 priore
263 1659 392 1704 numero
425 1646 575 1719 sequatur
606 1637 724 1704 Suidae
756 1657 850 1702 uuum
879 1636 993 1702 librum
1021 1637 1055 1701 in
1076 1637 1223 1703 manibus
1244 1636 1341 1706 inisse

128 1741 220 1806 cuius
241 1747 426 1821 argumenta
448 1739 598 1805 describit
620 1738 690 1823 ipse
713 1737 859 1803 dividens
886 1737 920 1803 in
941 1739 1160 1818 γνωμολογίαν
1181 1759 1233 1817 πρ.
1257 1739 1287 1803 Κ.
1311 1745 1342 1820 α)

129 1841 244 1919 ἑτέρας
276 1841 437 1920 ὑποθήκας
469 1859 601 1920 stupam.
634 1847 700 1906 tum
733 1838 826 1905 hodie
859 1839 888 1905 si
920 1841 989 1922 quis
1022 1839 1218 1923 Theognidis
1247 1858 1342 1920 unum

129 1941 256 2024 librum,
279 1961 369 2023 quem
390 1963 446 2008 nos
469 1942 632 2025 habemus,
654 1943 791 2007 breviter
813 1948 844 2007 et
866 1950 1011 2008 accurate
1044 1941 1120 2006 velit
1152 1941 1342 2024 describere,

131 2063 194 2108 nou
217 2063 275 2125 ego
297 2042 398 2124 video,
423 2065 477 2110 eur
497 2044 529 2109 id
552 2064 615 2109 non
637 2043 792 2110 simillime
825 2052 920 2125 atque
953 2043 1071 2110 Suidas
1099 2043 1253 2124 instituat,
1277 2063 1343 2108 car·

129 2143 216 2209 mina
247 2164 305 2228 per
336 2164 438 2228 genus
472 2147 627 2230 (γνώμας)
661 2154 692 2210 et
718 2165 776 2229 per
797 2155 905 2229 partes
928 2150 969 2230 (a.
992 2167 1044 2226 πρ.
1068 2147 1098 2210 Κ.
1122 2145 1343 2224 γνωμολογίαν

126 2247 159 2310 b.
183 2245 263 2323 ἑτέρ.
289 2245 469 2334 ὑποθήκας)
495 2267 699 2332 persequens.
752 2245 944 2328 Neutiquam
977 2248 1074 2331 igitur
1105 2248 1180 2314 lieet
1212 2247 1342 2314 Suidam

130 2355 166 2413 ut
188 2347 318 2413 duomm
340 2347 490 2413 librorum
512 2357 671 2414 auctorem
694 2349 816 2414 afferre.
860 2348 947 2414 Idem
971 2349 1170 2415 confirmatur
1185 2348 1344 2414 Plutarchi

131 2447 319 2533 testimonio,
342 2449 397 2533 qui
419 2450 637 2535 gnomologias
660 2455 780 2516 tantum
806 2450 1001 2533 Theognidis
1029 2452 1124 2533 novit,
1148 2451 1231 2533 quod
1252 2469 1344 2516 voca-

133 2550 239 2616 bulum
262 2551 347 2636 apud
369 2572 441 2617 eum
463 2551 547 2618 idem
568 2552 653 2618 valet
675 2559 770 2635 atque
791 2552 962 2636 γνῶμαι.“)
993 2553 1077 2636 Ergo
1092 2573 1154 2617 non
1178 2551 1258 2617 adeo
1274 2573 1344 2634 per-

130 2673 294 2718 movemur
314 2653 477 2732 Lautschii
496 2650 719 2740 disputatione,
734 2659 774 2720 ttt
786 2639 830 2720 ab
846 2654 1010 2738 sententia,
1026 2675 1090 2738 qua
1103 2655 1262 2738 hodieque
1277 2653 1344 2718 vul-

130 2754 216 2838 garis
239 2761 297 2838 est,
320 2754 529 2840 discedamus,
553 2777 616 2839 qua
638 2757 800 2840 Theognis
814 2765 940 2842 putatur
950 2777 1047 2822 unum
1059 2778 1139 2843 opus
1152 2756 1343 2821 condidisse.

231 2857 377 2942 Accedit,
412 2857 496 2941 quod
528 2879 570 2924 ne
590 2857 667 2924 illud
690 2857 827 2941 quidem,
850 2857 934 2924 unde
956 2859 1161 2944 proficiscitur
1184 2855 1346 2922 Letrtsehii

134 2958 373 3042 argumentatio,
408 2980 477 3024 eum
511 2959 590 3026 duos
623 2961 718 3026 libros
751 2959 902 3027 discernit
931 2981 1033 3043 eaque
1061 2960 1211 3037 carmina*
1232 2959 1345 3040 quibus

134 3057 259 3140 cymas
291 3056 506 3145 compellatur,
538 3061 592 3126 uni
618 3062 697 3127 libro
724 3061 886 3143 adscribit,
914 3062 1007 3128 alteri
1029 3069 1135 3126 autem
1160 3083 1206 3142 ear,
1231 3061 1345 3142 quibus

129 3157 196 3224 hoc
218 3181 330 3226 nomen
352 3163 444 3228 abest
465 3201 506 3210 —
529 3184 568 3228 ne
590 3163 651 3228 hcc
673 3151 799 3246 quide'm
821 3162 893 3230 dieo
916 3183 988 3230 esse
1011 3171 1130 3230 certum
1152 3173 1182 3228 et
1205 3162 1347 3246 explora·

126 3269 210 3328 turn.
255 3261 371 3329 Versus
394 3266 475 3330 enim
497 3267 632 3348 31-38,
661 3264 804 3346 quamvis
832 3272 960 3330 careant
988 3266 1045 3331 illo
1065 3266 1199 3346 nomine,
1224 3284 1262 3327 ex
1284 3283 1346 3346 quo

125 3363 234 3429 omnis
267 3364 346 3430 hacc
379 3369 521 3447 quaestio
548 3367 676 3453 pendet,
699 3367 779 3432 adeo
803 3367 925 3433 similes
945 3376 1018 3434 sunt
1040 3367 1199 3434 sententia
1221 3375 1252 3431 et
1274 3365 1346 3451 ipso

127 3485 211 3530 sono
234 3485 349 3551 eorum,
373 3467 427 3551 qui
449 3471 591 3551 proxime
613 3468 811 3550 antecedunt,
839 3478 873 3534 ut
900 3489 964 3535 non
985 3471 1077 3535 facile
1098 3469 1155 3532 tibi
1178 3465 1348 3551 persuade·

126 3572 204 3631 atur
225 3567 321 3633 aliurn
345 3569 393 3635 his
416 3569 577 3636 admoueri
599 3578 695 3655 atque
715 3570 982 3637 antecedentibus.
1028 3571 1132 3650 Quare
1148 3568 1346 3654 uagitum)

124 3669 215 3733 haee
235 3669 295 3735 tria
317 3671 497 3764 fragmenta
517 3671 593 3737 inde
614 3693 635 3737 a
654 3693 683 3738 ν.
710 3673 748 3738 19
770 3691 869 3754 usque
891 3671 933 3738 ad
955 3693 985 3737 ν.
1007 3674 1048 3740 38
1070 3671 1210 3738 eiusdem
1226 3671 1348 3755 elegiae

119 3769 236 3838 fuisse
258 3781 373 3857 censet,
397 3793 479 3857 quae
500 3774 653 3857 prooemii
673 3774 979 3858 locumobtinuen't,
1003 3774 1093 3840 ouius
1115 3775 1235 3857 elegiae
1251 3773 1349 3858 epilo-

116 3893 191 3961 gus
216 3872 256 3938 sit
279 3895 308 3938 v.
331 3877 466 3941 31-38.
512 3875 580 3940 Hoc
603 3877 630 3940 si
651 3876 764 3960 placet,
789 3895 826 3941 eo
848 3876 950 3958 magis
978 3877 1078 3942 omnis
1111 3863 1271 3940 distinctio
1294 3875 1349 3938 du-

115 3995 221 4046 orum
254 3975 403 4042 librorum
436 3977 525 4042 nihili
558 3983 614 4043 est.
669 3977 710 4042 Et
742 3984 776 4044 ut
808 3977 1021 4044 fundamentis
1054 3977 1217 4043 subductis
1251 3985 1349 4042 totum

186 4119 189 4124 Ι
241 4147 275 4215 ⁴⁰)
294 4147 337 4204 De
355 4165 409 4216 qna
425 4164 454 4203 re
473 4149 542 4218 vide,
562 4165 629 4218 quae
647 4149 818 4208 Nietssehius
836 4151 855 4206 l.
873 4151 892 4208 l.
912 4150 1045 4207 disseruit.

240 4234 276 4304 41)
295 4235 329 4290 ef.
348 4236 421 4293 Plut.
440 4237 474 4293 de
492 4239 552 4293 aud.
571 4243 642 4306 poet.
661 4242 686 4294 2.
705 4238 785 4294 Thes.
803 4242 828 4294 3.
847 4239 882 4294 al.

242 4322 277 4390 ⁴²)
295 4323 313 4378 l.
333 4341 355 4379 e.
374 4323 435 4381 cdv.
453 4325 497 4380 27.
