3314 4670
662 208 863 270 ..57-

256 409 345 484 Quae
378 404 472 471 modo
506 402 709 486 coniocimus,
743 403 837 468 etiarn
865 405 894 472 si
923 403 995 471 aliis
1019 404 1155 471 fortasse
1173 405 1276 470 minus
1298 424 1369 488 pro·
1400 459 1401 472 ,

154 509 270 574 bantur
292 515 322 572 et
344 527 383 570 ne
406 527 425 571 a
447 505 539 572 nobis
562 507 689 590 quidem
712 525 769 589 pro
792 505 884 571 certis
912 507 1079 589 habentur,
1103 507 1179 588 quia
1200 511 1268 570 tota
1290 506 1370 571 haec

156 630 208 675 res
230 611 262 674 in
281 615 371 674 tanta
394 607 585 674 obscuritate
607 616 760 688 versatur,
784 613 890 672 tamen
912 607 991 672 illud
1008 609 1168 676 consecuti
1184 627 1254 673 esse
1276 605 1370 672 nobis

156 711 307 792 videmur,
330 717 365 775 ut
386 708 506 790 aliquot
529 709 684 792 distichis,
707 709 875 792 inquibus
899 709 992 774 aliter
1015 708 1081 774 fere
1103 709 1191 774 nulla
1210 708 1257 773 vis
1273 706 1371 773 cerni·

157 822 214 894 tur,
238 810 366 895 gravius
389 817 607 892 argumentum
630 810 814 876 vindicetur.
863 809 1062 875 Manifestum
1091 817 1140 876 est
1163 809 1246 874 enirn
1269 808 1371 892 gravi·

157 935 212 982 ora
234 931 388 998 apparere
421 933 463 978 ea
494 913 643 994 carmina,
676 912 792 995 quibus
825 917 932 977 certae
960 910 1115 994 quaedam
1156 933 1206 978 res
1240 913 1370 978 subesse

155 1016 335 1096 videantur,
359 1034 452 1096 qnam
474 1013 588 1096 quibus
610 1013 736 1096 aliquod
758 1019 963 1096 praeceptum
985 1012 1026 1077 de
1046 1012 1202 1078 communi
1218 1013 1283 1077 vita
1300 1033 1373 1078 con·

157 1117 249 1182 tineri
271 1123 406 1200 putetur.
451 1117 492 1179 Et
513 1135 571 1180 nos
594 1114 818 1199 cumprimum
841 1113 875 1180 in
898 1114 980 1180 hune
1007 1134 1137 1180 sensum
1166 1114 1235 1180 illos
1255 1134 1373 1180 versus

158 1219 348 1302 accepimus,
381 1217 555 1284 identidem
587 1217 723 1299 legendo
756 1216 797 1280 ab
825 1236 863 1280 ea
891 1216 1039 1301 opinione
1072 1222 1193 1281 tantum
1227 1216 1319 1281 abest
1340 1221 1374 1278 ut

159 1321 361 1402 abducamur,
397 1330 430 1385 nt
463 1321 563 1402 magis
596 1319 760 1401 magisque
795 1327 987 1382 crescentem
1015 1338 1073 1398 per
1095 1317 1239 1402 singulos
1261 1336 1373 1382 versus

159 1431 317 1506 tamquam
358 1421 535 1506 praesentis
572 1417 770 1502 Theognidis
806 1417 1056 1504 indignationem
1093 1417 1242 1504 persequi
1278 1437 1373 1502 posse

159 1525 250 1590 nobis
271 1524 445 1605 videamur,
469 1523 542 1588 dum
565 1521 702 1602 denique
724 1519 811 1584 illum
833 1521 1011 1603 qnieunque
1035 1521 1103 1602 fuit,
1127 1520 1180 1603 qui
1203 1539 1238 1584 se
1258 1518 1374 1585 ineius

159 1624 405 1690 familiaritatem
438 1625 659 1705 insinuaverat,
685 1621 820 1704 cognita
852 1620 984 1707 perfidia
1011 1621 1133 1707 respuit
1155 1629 1251 1703 atque
1273 1619 1373 1686 reicit.

158 1729 241 1792 Nam
268 1747 462 1810 magnopere
488 1725 691 1791 abhorruisse
717 1723 802 1789 illius
830 1723 991 1808 ingenium
1015 1733 1046 1788 et
1068 1721 1206 1790 studium
1229 1743 1249 1786 a
1271 1722 1374 1786 Theo·

160 1828 255 1912 gnide
289 1827 481 1894 censendum
509 1835 568 1909 est,
591 1826 618 1892 si
642 1824 770 1908 quidem
802 1825 956 1891 adversus
990 1825 1126 1892 eundem
1157 1823 1266 1908 scripti
1301 1831 1374 1890 sunt

160 1952 189 1995 v.
213 1931 284 1995 221.
308 1950 409 2013 seqq:

204 2026 317 2108 Ὅστις
338 2052 386 2096 τοι
409 2032 512 2095 δοκέει
533 2031 589 2095 τὸν
611 2030 748 2107 πλησίον
770 2029 892 2106 ἴδμεναι
914 2028 1010 2092 οὐδέν
1033 2079 1038 2092 .
1062 2079 1068 2091 .
1092 2079 1098 2092 ,

203 2182 209 2195 .
233 2182 238 2194 .
262 2183 268 2196 .
292 2136 398 2211 κεῖνος
419 2131 448 2208 γ’
468 2133 584 2212 ἄφρων
607 2132 683 2203 ἐστί,
705 2131 784 2194 νόου
808 2129 1023 2208 βεβλαμμένος
1046 2129 1174 2194 ἐσθλοῦ.
1196 2133 1259 2194 κτλ.

203 2232 270 2298 ἀλλ’
292 2234 310 2298 δ
334 2236 390 2312 μέν
412 2233 471 2298 οὐκ
493 2236 595 2300 ἐθέλει
618 2232 858 2315 κακοκερδίῃσιν
880 2231 1021 2303 ἕπεσθαι,

203 2341 248 2419 τῷ
271 2337 307 2398 δὲ
328 2337 531 2400 δολοπλοκίαι
553 2339 672 2415 μᾶλλον
695 2333 822 2398 ἄπιστοι
845 2331 931 2396 δίδον.

162 2435 246 2501 unde
279 2436 383 2501 denuo
416 2435 612 2520 Theognidis
645 2420 840 2500 admirabilis
871 2434 995 2500 animus
1031 2435 1230 2518 cognoscitur
1266 2441 1297 2499 et
1333 2435 1375 2498 ab

161 2537 286 2603 insidiis
312 2537 507 2619 fallaciisque
534 2537 665 2602 alienus.
713 2537 859 2619 Denique
886 2537 912 2603 si
937 2537 1011 2601 licet
1033 2537 1176 2602 conicere
1198 2558 1238 2602 ex
1261 2559 1289 2600 v.
1315 2539 1376 2603 612

163 2641 295 2722 (δειλοῖς
317 2637 451 2717 ἀνδράσι
472 2643 568 2703 τοῦτο
601 2640 700 2720 μέλει)
732 2637 948 2705 adversarium
981 2638 1068 2704 illum
1096 2659 1113 2703 e
1140 2639 1236 2722 plebe
1267 2637 1373 2722 luisse,

161 2739 256 2824 plane
289 2739 492 2824 intellegitur,
527 2761 582 2806 cur
613 2748 679 2806 tam
711 2761 808 2825 saepe
841 2739 1055 2806 acerbissimis
1082 2740 1188 2806 verbis
1218 2741 1251 2806 in
1273 2740 1375 2824 plebis

161 2843 326 2927 perfidiam
348 2841 514 2907 invehatur
536 2849 568 2907 et
591 2843 729 2926 Cyrnum
751 2861 842 2906 suum
864 2851 999 2922 moneat,
1023 2861 1062 2906 ne
1083 2846 1154 2921 τοῖς
1175 2846 1285 2921 κακοῖς
1309 2844 1375 2908 sive

164 2948 281 3023 δειλοῖς
303 2946 332 3010 h.
357 2965 383 3008 e.
406 2944 543 3027 plebeiis
565 2943 745 3008 hominibus
767 2943 862 3009 fidem
882 2943 1008 3027 haheat,
1024 2953 1058 3009 ut
1073 2953 1149 3029 puta
1163 2965 1192 3010 v.
1209 2945 1249 3012 69
1273 2964 1375 3027 seqq:

207 3047 346 3124 Μήποτε,
370 3048 477 3124 Κύρνε,
500 3051 585 3130 κακῷ
607 3045 744 3122 πίσυνος
766 3045 898 3125 βούλευε
921 3047 982 3111 σὺν
1004 3045 1101 3125 ἀνδρί,

207 3147 270 3213 εὖτ)
292 3149 330 3212 ἂν
355 3151 533 3213 σπουδαῖον
555 3145 672 3226 πρῆγμ’
695 3147 808 3230 ἐθέλῃς
830 3148 964 3219 τελέσαι,

206 3252 287 3315 ἀλλὰ
310 3248 373 3329 μετ’
395 3250 513 3315 ἐσθλὸν
535 3250 593 3314 ἰὼν
616 3250 730 3329 βούλευ
753 3249 928 3313 καὶπολλὰ
951 3254 1089 3329 μογῆσαι

206 3353 258 3418 καὶ
279 3353 401 3433 μακρὴν
422 3353 549 3424 ποσσίν,
574 3347 672 3430 Κόρν’,
696 3351 775 3415 ὁδὸν
799 3350 968 3415 ἐκτελέσαι.

266 3453 362 3520 Culus
384 3454 545 3537 praecepti
568 3473 696 3520 oausam
718 3451 807 3518 addit
828 3473 858 3518 v.
881 3453 922 3518 65
944 3472 1048 3536 seqq:

208 3607 213 3620 .
237 3607 243 3620 .
267 3607 273 3620 .
297 3556 434 3638 ,γνώσῃ
457 3554 518 3632 γὰρ
541 3554 677 3633 ὀῖζυριῖιν
698 3555 822 3634 φρένας
844 3553 978 3632 ἀνδρῶν,

209 3658 255 3736 ὥς
276 3673 355 3738 σφιν
378 3653 426 3720 ἐπ’
448 3655 588 3734 ἔργοισιν
609 3656 715 3734 πίστις
737 3654 785 3721 ἐπ’
806 3655 945 3735 οὐδεμία,

209 3757 289 3822 ἀλλὰ
310 3759 428 3837 δόλους
448 3755 475 3823 τ’
497 3755 621 3834 ἀπάτας
641 3777 676 3820 τε
697 3757 908 3834 πολυκλοκίας
929 3754 956 3821 τ’
978 3755 1136 3837 ἐφίλησαν

209 3859 322 3939 οὕτως,
345 3863 391 3939 ὡς
413 3859 528 3939 ἄνδρες
550 3859 657 3938 μηκέτι
680 3859 865 3937 σωζόμενοι.

268 3963 330 4028 Sed
365 3964 446 4029 haec
478 3969 547 4029 utut
580 3967 661 4044 sunt,
696 3980 777 4042 quae
810 3957 1001 4026 coniecimus
1034 3959 1075 4025 de
1108 3957 1290 4024 adversario
1313 3958 1378 4041 illo,

167 4063 257 4133 cuius
294 4084 392 4150 opera
428 4063 648 4147 Theognidem
680 4083 697 4128 e
729 4080 859 4127 munere
892 4067 1081 4127 summotum
1117 4065 1282 4144 putamus,
1319 4059 1381 4124 hoc

167 4176 299 4252 apparet
325 4168 543 4250 Megarensem
569 4165 720 4251 populum
748 4171 813 4228 tum
840 4163 903 4227 iam
925 4153 1026 4245 magis
1049 4160 1236 4228 turbulentis
1259 4159 1380 4226 civibus

166 4270 347 4354 tabulisque
380 4267 473 4333 fidem
506 4267 625 4335 habere
656 4266 811 4354 coepisse,
838 4284 933 4349 quam
954 4263 995 4330 iis
1016 4262 1208 4346 hominibus,
1231 4261 1285 4348 qui
1310 4281 1379 4331 cum
