3314 4670
849 125 1056 240 ,η’-36*

347 375 485 442 studiose
509 395 633 460 semper
655 375 730 458 agit,
753 383 787 442 ut
810 375 837 442 si
859 395 921 458 qua
942 375 1033 440 labes
1055 383 1141 441 esset
1162 375 1195 440 in
1218 395 1408 442 summorum
1424 375 1568 442 virorum

348 477 497 562 operibus
519 478 729 559 moribusque,
753 478 786 542 in
807 479 907 542 lucem
932 497 1002 542 earn
1024 478 1196 562 protrahat,
1218 479 1252 543 in
1275 477 1462 559 Theognide
1484 477 1569 540 nihil

348 578 497 645 habuisse
523 577 647 644 videtur
673 586 797 662 practer
825 599 853 643 r.
877 580 1066 644 sar-1002
1089 587 1120 644 et
1141 581 1297 647 993—96.
1342 580 1438 644 Plura
1459 578 1486 644 si
1509 578 1568 642 ad-

348 681 481 747 fuissent
504 688 534 746 et
556 702 637 764 quae
659 682 772 746 melius
793 683 973 765 probarent,
1002 681 1221 764 Tlreognidem
1249 681 1344 748 fuisse
1366 682 1399 746 in
1421 681 1569 764 volupta-

348 792 395 848 tes
412 803 552 866 pronum,
568 783 629 866 his,
644 790 729 868 putc,
746 804 821 848 usus
837 783 987 864 iuissct;“
1005 783 1185 849 Nietasuhio
1201 781 1328 865 quidem
1350 781 1569 846 firmissimum

349 893 380 950 ct
402 884 619 966 gravissimum
643 899 859 967 argumentum
886 884 1013 950 videtur
1039 885 1214 968 protulisse,
1243 885 1319 948 mihi
1347 905 1408 949 non
1430 883 1568 950 videtur.

348 987 431 1052 Nam
454 986 507 1067 qui
531 987 620 1052 dicit:
643 987 755 1070 „plura
778 988 803 1051 si
826 987 1013 1069 adfuissent,
1037 987 1086 1052 his
1110 1007 1184 1052 usus
1207 985 1351 1068 fuisset,“
1373 985 1462 1069 ponit
1477 985 1568 1050 volu-

347 1089 410 1156 isse
433 1089 631 1153 Athenaeum
664 1089 795 1153 multum
828 1109 898 1154 csse
933 1089 966 1170 in
999 1088 1163 1154 tractando
1198 1094 1230 1151 et
1264 1086 1461 1171 corripiendo
1485 1087 1568 1152 libro

348 1191 555 1273 Theognidis,
589 1189 672 1274 quod
701 1190 774 1254 vide
800 1212 840 1255 nc
863 1211 950 1256 mera
973 1191 1013 1256 sit
1035 1191 1152 1274 opinio,
1177 1210 1258 1273 qnae
1279 1189 1377 1255 tinnis
1399 1209 1568 1272 argumen-

348 1303 389 1358 trs
413 1293 537 1357 omnino
562 1300 676 1358 careat.
721 1293 761 1356 nt
783 1293 816 1356 in
837 1293 897 1356 hac
926 1297 1035 1357 nostra
1057 1293 1179 1375 sylloge
1203 1284 1279 1374 q'uid
1310 1291 1441 1356 tandem
1473 1291 1567 1372 inest,

349 1393 432 1477 quod
465 1394 600 1458 melius
635 1395 755 1476 prohet,
789 1395 1008 1477 Tlreognidcm
1042 1394 1144 1460 fuisse
1178 1402 1208 1458 et
1240 1393 1503 1476 intemperantem
1533 1394 1565 1458 in

348 1494 487 1578 potando
522 1502 553 1559 ct
586 1515 720 1560 venereo
754 1516 919 1578 puerorum
952 1496 1050 1562 amori
1072 1497 1232 1561 deditum?
1264 1495 1331 1562 Uhi
1351 1495 1563 1576 inveniuntur,

348 1597 373 1662 si
397 1596 585 1662 discesseris
607 1618 626 1660 a
649 1597 737 1662 Musa
760 1597 883 1680 puerili,
907 1618 1001 1680 quam
1023 1599 1118 1664 hodic
1141 1619 1233 1663 nemo
1256 1606 1342 1682 puto,
1365 1617 1385 1660 a
1407 1596 1562 1679 Theogni-

348 1699 396 1763 dis
419 1698 546 1780 ingenio
569 1705 600 1762 et
622 1699 760 1762 moribus
782 1719 845 1762 non
868 1699 1007 1764 alienam
1029 1700 1188 1764 existimat
1208 1737 1247 1746 -
1267 1698 1320 1763 ubi
1337 1698 1430 1780 igitur
1446 1698 1558 1762 inveni·

348 1809 441 1865 untur
463 1820 511 1882 ea,
535 1801 651 1882 quihus
674 1799 859 1864 Athenaeus
882 1800 984 1882 magis
1005 1801 1143 1883 potnerit
1159 1800 1326 1866 ostendere
1341 1817 1444 1882 neque
1460 1803 1552 1863 παιδε-

349 1905 479 1980 ραστεῖν
502 1923 605 1984 neque
627 1901 822 1979 ἡδυπάθειαν
845 1921 916 1964 eum
937 1903 1109 1986 respuisse,
1134 1924 1227 1986 quarn
1255 1900 1371 1983 quibus
1399 1908 1446 1966 est
1468 1898 1553 1966 usus?
1625 1893 1626 1906 ¹

348 2003 469 2068 Similia
492 2024 680 2085 quamquam
704 2001 862 2067 nonnullis
882 2002 962 2068 locis
978 2013 1155 2083 occurrunt,
1171 2003 1324 2069 tamenin
1340 2002 1388 2068 eis
1402 2002 1555 2084 ingenium
1625 1993 1626 2010 ¹

348 2113 467 2169 tanturn
500 2127 563 2169 non
595 2103 694 2184 triste,
730 2125 790 2168 non
824 2125 976 2188 spernens
1000 2125 1101 2170 rerum
1125 2106 1329 2170 humanarum
1351 2101 1551 2168 iucunditates
1601 2123 1603 2128 ·

349 2207 493 2287 cernitur,
516 2207 756 2270 immoderatum
781 2214 812 2273 et
832 2205 1037 2270 libidinosum
1059 2227 1122 2271 non
1145 2213 1290 2292 apparet3
1313 2213 1387 2272 sunt
1406 2203 1495 2285 igitur
1517 2222 1555 2265 ea

348 2308 472 2373 mitiora
493 2305 735 2388 vquodammodo
769 2313 801 2371 et
833 2308 960 2391 leviora,
982 2327 1063 2389 quae
1086 2307 1197 2390 gravia
1220 2317 1318 2390 erant,
1341 2305 1446 2372 attulit
1466 2303 1557 2368 Athe-

348 2430 456 2473 naeus.
502 2409 618 2472 Verum
644 2409 687 2491 hi,
716 2427 786 2472 curn
808 2417 936 2492 proptor
957 2409 1154 2475 Athenaeum
1177 2410 1229 2474 vel
1250 2409 1337 2474 inviti
1361 2429 1423 2474 non
1443 2405 1559 2490 possint

348 2533 410 2574 non
434 2509 608 2575 concedere
631 2531 740 2588 versus
764 2510 877 2574 saltem
910 2511 1099 2576 saa-1002
1133 2512 1218 2578 illius
1246 2511 1439 2594 temporibus
1462 2509 1555 2573 Theo·
1625 2555 1626 2562 κ

349 2611 455 2695 gnidis
490 2633 604 2678 nomen
637 2612 756 2694 tulisse,
790 2612 920 2692 reliqua,
959 2632 1039 2693 quae
1077 2613 1220 2678 eiusdem
1256 2623 1311 2678 aut
1347 2611 1457 2678 similis
1492 2617 1553 2678 sunt

348 2715 485 2797 generis,
520 2735 557 2778 co
591 2714 809 2778 vehementius
843 2721 960 2796 negant
994 2720 1024 2778 et
1046 2723 1236 2798 repugnant
1278 2715 1332 2780 Sic
1354 2715 1437 2780 enim
1460 2713 1556 2778 Nicia-

349 2816 456 2882 schius
481 2815 648 2896 existimat,
670 2836 734 2880 non
756 2815 849 2880 nrodo
872 2815 954 2879 hanc
988 2816 1205 2881 collectionem
1232 2825 1305 2900 post
1333 2817 1492 2881 Athenaei
1514 2807 1561 2880 vel

348 2926 419 3001 post
440 2916 558 2982 Juliani
581 2924 611 2980 et
627 2916 734 2999 Oyrilli
756 2924 898 2998 tempora
921 2917 1079 2982 conditam
1102 2939 1184 3001 esse,
1208 2917 1266 2982 sed
1290 2918 1382 2981 etiarn
1406 2937 1486 3000 eum,
1512 2915 1563 3000 qni

346 3020 433 3083 illam
466 3016 652 3100 condiderit,
685 3017 888 3084 infestissimo
922 3020 1052 3085 consilio
1086 3029 1117 3084 et
1149 3018 1270 3084 invidia
1290 3018 1323 3080 in
1344 3017 1564 3101 Theognidem

348 3119 500 3202 agitatum
524 3120 711 3205 compilasse
735 3120 899 3184 multorum
923 3128 954 3184 et
976 3122 1132 3185 variorum
1159 3119 1343 3202 scriptorum
1365 3120 1516 3188 lascivias
1536 3128 1566 3184 et

349 3213 555 3304 quaecunque
576 3222 660 3312 illius
683 3222 788 3286 famae
811 3223 951 3287 maculas
973 3221 1211 3304 adspergerent,
1229 3228 1381 3302 congesta
1394 3221 1468 3286 huic
1482 3222 1566 3286 lihro

348 3322 530 3404 inseruisse,
554 3331 588 3388 ut
609 3322 745 3405 legimus
768 3323 852 3406 apud
876 3327 989 3405 eum²⁸)
1013 3324 1113 3388 hisce:
1135 3323 1318 3406 „Theognis
1339 3323 1395 3388 der
1409 3323 1567 3409 Padagog

349 3423 415 3492 soll
441 3424 522 3488 nach
556 3425 659 3489 dieser
690 3423 877 3506 Sammlung
909 3424 956 3488 als
990 3425 1040 3488 ein
1072 3425 1256 3489 Lebemann
1290 3425 1484 3508 erscheinen,
1517 3427 1565 3490 als

348 3524 494 3608 Trinker,
528 3525 718 3608 Liehhaber,
753 3526 834 3589 auch
866 3525 1175 3610 Knabenlieblrabcr,
1210 3527 1257 3592 als
1290 3526 1451 3590 Vertreter
1478 3527 1565 3591 einer

348 3626 500 3692 schlaffen
522 3627 631 3708 Moral,
654 3626 732 3690 kurn
755 3625 897 3690 belraftct
920 3627 975 3690 mit
1004 3628 1089 3692 allen
1122 3627 1183 3692 den
1205 3627 1351 3706 Fehlern,
1374 3645 1436 3691 von
1459 3628 1565 3694 denen

347 3728 405 3794 der
426 3729 579 3812 Padagog
600 3727 659 3792 frci
682 3731 750 3793 sein
773 3726 863 3792 soll.“
886 3739 917 3792 et
938 3728 1023 3811 apud
1040 3730 1175 3794 cundem
1189 3728 1283 3812 paulo
1297 3727 1437 3808 iniia²⁹lz
1461 3731 1563 3795 Verse

347 3829 405 3896 des
428 3829 532 3911 Solon,
555 3829 613 3896 des
635 3831 780 3912 Tyr-rsus,
804 3829 884 3892 auch
908 3829 965 3896 des
988 3830 1183 3914 Plrokylides
1206 3829 1347 3894 konrrtcn
1374 3829 1442 3894 sich
1464 3831 1564 3896 sehon

346 3931 454 3996 srliher
486 3941 576 3997 unter
609 3932 659 3996 dei
694 3930 992 4012 Theognideischen
1027 3930 1284 4015 eingeschlichen
1317 3931 1430 3997 haben.
1480 3933 1563 3996 Jenc

345 4032 401 4097 hat
422 4035 475 4099 ein
496 4032 621 4099 kleincs
642 4032 808 4098 Versehen
828 4033 861 4096 in
883 4033 945 4098 den
978 4033 1142 4116 Theognis
1176 4034 1340 4116 gebracht,
1374 4032 1463 4098 diese
1491 4033 1562 4097 eine

451 4189 484 4256 28)
502 4188 521 4245 l.
540 4205 562 4244 c.
581 4203 607 4256 p.
627 4190 688 4243 179.

449 4276 483 4342 ²⁰)
501 4275 518 4330 l.
539 4291 560 4330 e.
579 4290 604 4342 p.
624 4276 676 4329 185
695 4289 749 4348 seq.
