3314 4670
845 207 1048 274 ..52-

342 437 410 482 cnm
435 412 572 478 omnium
595 411 689 480 laude
713 411 945 498 perficiendum,
969 412 1030 478 nisi
1053 412 1118 478 alia
1141 409 1297 495 quaedam
1318 409 1480 493 accedant,
1496 431 1554 496 per

342 539 376 584 se
398 515 506 600 liquet.
552 515 598 578 lla
620 523 723 579 autern
748 514 821 596 alia,
845 534 926 596 quae
949 514 981 580 in
1005 513 1109 579 animo
1131 511 1237 598 posita
1252 521 1332 594 sunt,
1348 512 1422 594 quin
1438 510 1555 599 fuerint

342 621 374 684 in
397 615 594 699 Tlreognide,
617 636 679 680 non
702 611 906 681 dubitandum
930 625 987 698 est,
1011 615 1068 681 nisi
1091 616 1173 680 forte
1195 636 1216 680 a
1236 613 1350 694 verbis,
1377 633 1459 696 quae
1480 613 1556 679 lacit

342 723 381 787 de
402 718 578 799 virtutibus,
601 737 680 804 quas
703 728 736 782 ut
760 718 841 782 eolat
875 717 1014 801 cycnum
1047 716 1217 782 admonere
1244 737 1306 781 nou
1337 713 1465 795 desinit,
1488 713 1555 780 vita

340 821 542 890 abhorrebat.
586 818 716 883 Summa
738 818 819 884 euim
843 819 962 884 iustitia
995 828 1026 884 et
1052 819 1212 901 aequitate
1239 838 1308 883 eum
1332 817 1430 884 fuisse
1454 839 1494 884 ex
1514 818 1554 884 iis

340 927 427 1006 lociS,
451 942 530 1006 quos
554 941 649 1004 supra
671 921 842 1003 attulimus,
876 920 982 1003 colligi
1015 928 1127 1004 potest,
1149 919 1320 1004 praecipue
1341 927 1447 984 autem
1469 921 1554 1005 inde,

342 1026 426 1110 quod
448 1034 512 1089 tam
536 1043 633 1105 saepe
656 1022 805 1103 iustitiae,
833 1022 985 1108 principis
1011 1021 1094 1086 illius
1125 1029 1155 1085 et
1176 1020 1286 1086 matris
1307 1021 1465 1106 virtutum,
1489 1024 1556 1090 lau-

342 1131 398 1195 des
420 1125 592 1211 praedicat.
641 1123 769 1201 Quanta
794 1123 878 1189 idem
904 1121 1120 1189 moderatione
1147 1123 1243 1188 atrimi
1270 1123 1375 1206 fuerit,
1403 1135 1555 1208 quantum

340 1232 381 1296 ab
414 1231 461 1294 ira
494 1237 525 1291 et
558 1224 664 1291 studio
697 1223 864 1289 factionum
899 1225 1037 1290 animum
1070 1223 1260 1307 avocaverit,
1295 1234 1414 1306 quanta
1446 1225 1556 1293 iudicii

340 1333 518 1414 integritate
541 1328 581 1393 sit
603 1348 689 1407 usus,
713 1327 829 1410 optime
851 1335 985 1412 apparet
1008 1347 1087 1410 cum,
1122 1345 1212 1392 suum
1243 1327 1342 1412 ipsius
1376 1330 1554 1414 exemplum

341 1435 383 1501 ad
404 1428 589 1498 imitandum
612 1449 800 1513 proponens,
824 1427 961 1512 Cyrnum
995 1427 1153 1512 admouet,
1177 1436 1210 1493 ut
1232 1436 1352 1510 caveat,
1375 1449 1415 1496 ne
1437 1431 1554 1498 alteras

338 1539 372 1602 in
394 1533 576 1600 domesticis
607 1530 709 1594 turbis
741 1538 847 1613 partes
881 1538 989 1595 contra
1021 1530 1137 1595 alteras
1171 1529 1300 1596 adiuvet
1323 1537 1354 1596 et
1376 1543 1409 1596 ut
1431 1553 1555 1619 semper

338 1638 477 1703 mediam
498 1634 582 1698 viam
604 1631 809 1716 ingrediatur.
853 1631 941 1696 Haec
963 1631 1039 1696 dicit
1058 1652 1155 1697 verss.
1179 1634 1242 1698 219
1264 1652 1344 1716 serp:

381 1740 491 1817 Μηδὲν
512 1736 593 1812 ἄγαν
615 1734 754 1814 ἄσχαλλε
776 1733 1029 1811 ταρασσομένων
1051 1734 1236 1811 πολιητέων,

383 1843 490 1918 Κύρνε,
514 1838 615 1916 μέσην
637 1833 664 1899 δ’
688 1836 780 1915 ἔρχευ
803 1837 861 1913 τὴν
883 1835 969 1906 ὁδόν,
993 1835 1104 1912 ὥσπερ
1128 1835 1199 1910 ἐγω.

340 1952 371 2010 et
392 1962 491 2007 verse.
515 1939 573 2005 331
600 1957 682 2019 seq.:

381 2043 532 2121 Ἥσυχσς,
555 2039 666 2117 ὥσπερ
690 2039 761 2113 ἐγώ,
785 2040 909 2117 μέσσην
932 2037 1011 2103 ὁδὸν
1033 2039 1126 2118 έρχεσ
1148 2040 1275 2110 ποσσίν,

380 2143 450 2226 μηδ’
472 2145 609 2221 ἑτέροισι
631 2139 747 2217 διδούς,
772 2139 879 2218 Κύρνε,
903 2141 943 2204 τὰ
963 2145 1029 2204 τῶν
1051 2141 1177 2218 ἑτέρων.

437 2242 616 2328 Theognidi
638 2241 663 2306 si
687 2240 881 2324 contigisset,
905 2249 939 2306 ut
961 2262 1018 2324 per
1039 2242 1165 2325 longius
1189 2252 1312 2327 tempus
1330 2240 1444 2307 civitati
1457 2261 1551 2325 prae-

338 2356 431 2432 esset,
454 2346 538 2412 haud
562 2344 657 2409 dubie
680 2362 730 2407 res
753 2343 956 2423 Megarenses
983 2342 1086 2408 denuo
1117 2364 1269 2426 crescere,
1292 2365 1404 2429 pacem
1426 2353 1458 2408 et
1479 2365 1553 2409 con-

338 2452 477 2519 cordiam
510 2448 543 2512 in
576 2445 701 2510 civitate
734 2445 910 2509 confirmari
938 2453 968 2509 et
996 2444 1129 2510 stabiliri
1160 2445 1301 2527 vidisset,
1325 2467 1406 2530 cum,
1428 2455 1463 2512 ut
1485 2457 1553 2512 erat
1635 2511 1636 2530 ,

336 2552 469 2636 insignis
491 2548 612 2614 iustitia
634 2555 728 2629 atque
751 2546 911 2626 aequitate
935 2555 964 2612 et
988 2547 1135 2612 incensus
1156 2568 1277 2612 summo
1300 2550 1422 2633 patriae
1445 2569 1548 2615 amore
1635 2539 1636 2568 ¹

336 2662 368 2720 et
388 2651 560 2739 praecipuo
584 2647 685 2713 studio
708 2647 783 2711 iuris
806 2657 837 2711 et
859 2647 977 2714 ordinis
1000 2649 1033 2712 in
1055 2648 1159 2733 patria
1181 2650 1374 2734 restituendi,
1403 2651 1431 2716 is
1455 2651 1544 2717 fuisse

335 2755 489 2834 videatur,
512 2751 565 2834 qui
588 2769 650 2814 non
673 2769 731 2813 sua
754 2750 918 2814 commoda
941 2757 1134 2832 sequeretur,
1158 2750 1214 2815 sed
1235 2751 1370 2818 civitatis
1385 2752 1545 2819 inserviret

336 2855 471 2924 utilitati.
527 2850 738 2916 Nihilominus
772 2850 839 2916 eius
868 2851 1085 2934 magistratum
1114 2873 1175 2915 non
1209 2852 1366 2918 diuturum
1390 2853 1490 2921 fuisse
1513 2876 1553 2920 ex

334 2962 404 3044 ipso
428 2953 655 3038 cognoscimus,
681 2972 750 3016 curn
773 2951 846 3034 quid
870 2951 902 3015 in
924 2973 957 3016 re
979 2953 1107 3036 publica
1127 2952 1306 3038 perfecerit,
1329 2953 1408 3030 illud
1424 2957 1553 3038 quidem

335 3081 398 3125 nou
414 3055 653 3139 comperiemus,
669 3053 763 3137 paulo
787 3061 891 3118 autem
907 3063 979 3138 post
994 3075 1100 3120 rursus
1116 3075 1187 3120 eum
1208 3063 1390 3144 querentem
1411 3059 1556 3123 invenia-

335 3182 415 3242 mus,
429 3179 463 3223 se
476 3158 538 3222 iarn
551 3153 674 3220 consilii
687 3175 758 3220 esse
770 3155 906 3241 inopem,
915 3153 1073 3238 quomodo
1084 3156 1117 3220 id
1129 3154 1258 3239 efficiat,
1270 3165 1304 3221 ut
1315 3157 1464 3222 omnibus
1479 3159 1558 3224 civi·

335 3264 395 3327 bus
406 3260 565 3343 probetur.
593 3256 644 3320 Ad
659 3255 738 3320 illud
753 3264 858 3321 autern
875 3265 999 3340 tempus
1015 3256 1128 3338 refero,
1145 3277 1227 3340 quae
1242 3257 1319 3324 dicit
1330 3281 1359 3323 ν.
1371 3259 1435 3324 367
1447 3279 1558 3344 seqq.:

378 3359 501 3425 Ἀστῶν
522 3357 590 3422 δὀὐ
612 3359 746 3435 δύναμαι
768 3361 885 3432 γνῶναι
906 3359 985 3421 νόον
1006 3355 1102 3422 ὅντιν>
1124 3359 1261 3439 ἔχουσιν

378 3461 533 3538 οὔτεγὰρ
557 3459 591 3523 εὗ
616 3460 719 3536 ἔρδων
742 3457 868 3523 ἁνδάνω
891 3459 965 3523 οὔτε
987 3463 1101 3537 κακῶς·

378 3566 555 3643 μωμεῡνται
578 3561 614 3624 δέ
636 3581 672 3638 με
694 3560 814 3630 πολλοί,
837 3559 926 3637 ὁμῶς
948 3561 1037 3624 κακοὶ
1058 3561 1117 3639 ἠδέ
1138 3564 1189 3625 καὶ
1212 3562 1329 3634 ἐσθλοί,

377 3669 536 3745 μιμεῖσθαι
558 3659 694 3739 δὀὐδεὶς
714 3664 780 3726 τῶν
802 3660 941 3741 ἀσόφων
962 3663 1100 3726 δύναται.

435 3767 516 3832 Nam
549 3784 589 3828 ne
621 3773 768 3848 putemus
799 3762 848 3828 his
881 3762 1024 3828 versibus
1051 3800 1091 3810 -
1114 3765 1175 3832 nisi
1197 3767 1309 3831 melius
1331 3745 1472 3832 alteruui
1490 3772 1558 3838 dis-

227 3892 230 3900 *
332 3869 440 3935 ticlron
462 3889 482 3932 a
502 3865 606 3949 priore
634 3863 816 3946 seiungitur,
844 3870 878 3928 ut
904 3864 1091 3931 Welckerus
1118 3866 1192 3931 facit
1212 3868 1245 3930 in
1267 3867 1403 3934 editione
1427 3891 1487 3936 sua
1511 3913 1556 3922 -—
1632 3863 1633 3876 ¹

333 3968 503 4054 significari
537 3987 601 4048 eos,
634 3964 687 4047 qui
721 3965 788 4030 eius
820 3974 919 4031 artem
954 3967 1204 4048 contemnebant,
1238 3979 1415 4052 repugnant
1449 3977 1558 4041 verba
1632 3941 1633 4021 l

332 4073 367 4138 εὗ
392 4087 422 4136 et
444 4073 549 4146 κακῶς
572 4068 683 4145 ἔρδων.
728 4066 867 4144 Quorum
889 4067 967 4131 illud
989 4067 1024 4132 εὖ
1048 4069 1153 4146 ἔρδων
1166 4069 1272 4153 potius
1288 4071 1425 4138 referam
1440 4075 1485 4140 ad
1500 4096 1555 4158 ea,

332 4195 414 4258 quae
435 4175 468 4238 iu
489 4171 580 4236 brevi
602 4190 658 4237 suo
680 4169 812 4254 imperio
835 4169 877 4235 ad
910 4169 1139 4236 sublevandam
1170 4171 1318 4237 miseram
1347 4174 1452 4258 plebis
1475 4198 1555 4244 con·
1631 4221 1632 4242 ν

329 4275 487 4342 dicionem
514 4272 695 4354 conabatur,
724 4271 837 4354 quibus
865 4269 950 4334 haud
973 4271 1068 4336 dubie
1090 4273 1194 4338 odium
1218 4274 1371 4339 nobilium
1394 4279 1553 4361 suscepit,
