3314 4670
813 185 1001 250 ..8-

300 385 334 450 11
370 385 427 453 191
462 384 572 470 primis
603 384 749 451 versibus
783 388 826 467 (v.
859 385 909 466 25,
943 385 993 466 57,
1016 388 1068 470 61,
1087 387 1141 470 79,
1165 385 1235 467 129,
1260 386 1330 467 143,
1355 386 1439 467 191),
1462 385 1515 468 qui

302 493 396 568 certe,
419 486 447 552 si
469 485 576 569 aliqua
598 486 689 552 huius
711 485 809 551 libelli
829 505 913 569 pars,
936 487 1079 569 proxime
1112 485 1155 552 ad
1186 485 1350 570 pristinam
1382 486 1515 551 formam

302 595 334 654 11
355 588 498 655 ordinem
531 587 683 654 accedere
716 586 870 669 videntur,
904 587 954 653 bis
986 594 1109 652 tantum
1130 587 1164 652 in
1185 587 1314 669 reliquis
1335 587 1406 668 plus
1429 587 1516 652 mille

301 691 444 755 versibus
467 692 508 772 (v.
531 691 592 755 541
617 698 647 754 et
672 689 779 774 1197).
823 689 858 753 11
881 709 920 754 11
940 689 1034 772 igitur
1059 696 1148 774 parte
1175 711 1289 754 nornen
1315 688 1516 773 Polypa'r‘dae

303 790 446 856 crebrum
470 799 526 872 111,
549 791 602 855 ubi
626 791 724 874 Cyrni
747 811 871 874 quoque
899 792 1085 876 saepissime
1112 792 1256 874 occurrit,
1283 791 1316 856 in
1339 813 1377 856 oa
1397 791 1515 858 desinit

302 910 466 976 apparere,
488 892 541 957 ubi
565 893 659 957 etiam
680 891 812 956 alterum
834 892 937 958 rarius
959 901 1017 958 est.
1061 893 1142 959 Sunt
1157 913 1232 975 ergo
1247 893 1279 957 in
1295 894 1356 958 hac
1369 912 1402 956 re
1416 893 1514 958 multa

223 1022 225 1026 ’
302 993 423 1058 incerta
445 1000 476 1058 et
499 993 596 1058 dubia
617 992 834 1076 relinquenda.
877 993 941 1059 Sed
963 1001 1036 1078 post
1057 994 1140 1059 hanc
1161 993 1391 1077 digressionem
1411 1013 1513 1058 rever·

302 1103 405 1160 tamur
427 1094 469 1159 ad
490 1095 699 1179 propositum!
743 1092 848 1181 Cyrno
871 1095 968 1179 igitur
990 1096 1057 1161 sive
1080 1096 1275 1180 Polypaidae
1298 1096 1437 1161 carmina
1457 1114 1514 1162 sua

303 1197 466 1280 scripsisse
499 1196 719 1280 Theognidem
750 1197 898 1280 vidimus3
925 1196 983 1262 sed
1005 1198 1100 1262 ctiam
1122 1197 1213 1280 alios,
1244 1195 1297 1280 qui
1320 1198 1439 1282 scripta
1460 1217 1516 1262 sua

303 1299 454 1382 legerent,
478 1319 548 1364 eum
571 1301 751 1384 respexisse
773 1299 967 1382 intellegitur
988 1319 1028 1365 ex
1051 1319 1079 1363 v.
1103 1302 1163 1366 681
1188 1319 1264 1382 seq,
1280 1299 1333 1363 ubi
1348 1306 1517 1382 postquam

303 1401 461 1468 labentem
483 1421 549 1466 rem
572 1401 731 1486 publicam
753 1401 892 1484 imagine
914 1422 990 1467 usus
1011 1402 1101 1466 navis
1124 1400 1365 1486 tempestatibus
1379 1399 1518 1466 iactatae

303 1503 481 1587 descripsit,
505 1504 709 1584 quamobrem
732 1524 771 1568 ea
791 1504 837 1568 ita
859 1502 1027 1587 scripserit,
1051 1523 1179 1569 causam
1202 1502 1291 1567 addit
1312 1501 1413 1566 hisce:

345 1604 444 1669 ταῦτά
467 1626 517 1684 μοι
539 1605 658 1689 ᾑνίχθω
681 1607 876 1684 κεκρυμμένα
897 1609 966 1683 τοῖς
989 1606 1163 1680 ἀγαθοῖσιν,

348 1707 500 1783 γινώσκοι
521 1704 590 1772 δ’ἄν
612 1727 659 1786 τις
681 1711 732 1773 καὶ
754 1709 858 1786 κακός,
881 1709 922 1786 ἢν
944 1709 1052 1786 σοφὸς
1073 1709 1122 1791 ῇμ

403 1809 523 1890 Restat,
546 1816 580 1875 ut
601 1809 713 1892 paucis
734 1809 886 1892 dicamus,
909 1829 973 1890 qua
1004 1809 1088 1875 vitae
1121 1816 1226 1875 aetate
1259 1808 1419 1892 Theognis
1452 1829 1516 1874 car-
1629 1835 1630 1838 ¹

304 1911 390 1975 mina
412 1909 596 1977 condiderit.
641 1912 744 1993 Atque
765 1910 842 1975 mihi
864 1911 992 1992 quidem
1014 1911 1140 1976 videtur
1160 1911 1325 1994 probabile
1349 1931 1419 1976 esse
1435 1912 1518 1976 The-

306 2012 461 2094 0gnidem,
485 2012 540 2076 ubi
562 2012 694 2096 primurn
718 2012 792 2077 huic
813 2013 873 2076 arti
896 2034 1025 2097 operam
1049 2014 1125 2078 dare
1142 2013 1288 2098 coeperit,
1304 2013 1388 2079 nullo
1403 2015 1517 2078 aetatis

305 2123 446 2196 tempore
469 2116 510 2179 ab
533 2135 572 2178 11
593 2115 773 2181 recessisse.
817 2116 970 2198 Coepisse
997 2123 1101 2199 autern
1134 2114 1304 2179 admodum
1335 2114 1515 2180 adolescen-
1632 2145 1633 2148 ¹

305 2221 379 2297 tem,
402 2216 478 2281 satis
499 2215 598 2280 multa
618 2215 754 2299 vestigia
775 2217 853 2282 mihi
874 2217 1024 2304 videntur
1056 2215 1245 2300 significare,
1279 2237 1360 2299 quac
1393 2223 1516 2282 exstant
1633 2283 1634 2286 ,

304 2317 337 2381 11
359 2316 406 2382 eis
429 2317 629 2400 carminibus,
653 2338 734 2400 quae
755 2319 903 2384 iuvenilis
925 2318 1047 2384 ardoris
1072 2319 1168 2402 plena
1194 2324 1225 2381 et
1248 2325 1357 2403 aperte
1380 2339 1419 2384 cx
1439 2317 1517 2383 hila-

305 2420 387 2485 riore
410 2419 514 2484 animo
537 2419 681 2503 profecta
703 2427 784 2501 sunt,
809 2440 891 2502 quae
913 2427 1020 2485 tamen
1041 2421 1109 2485 iere
1131 2419 1236 2484 omnia
1263 2459 1303 2467 —
1326 2428 1430 2486 utrum
1451 2420 1519 2484 iure

306 2543 346 2586 an
369 2521 493 2603 iniuria,
516 2521 599 2585 infra
620 2522 796 2588 videbimus
819 2561 860 2572 --
882 2525 1073 2588 recentiores
1089 2545 1109 2588 a
1123 2522 1311 2604 Theognide
1326 2523 1519 2588 abiudicant.

305 2621 421 2689 Senem
443 2643 517 2687 vero
539 2631 594 2688 aut
616 2632 701 2689 certe
723 2625 918 2708 provectiore
951 2631 1055 2690 aetate
1087 2624 1222 2710 plurima
1255 2625 1404 2707 carmina,
1439 2643 1520 2707 quac

306 2725 432 2809 quidem
454 2733 587 2808 exstant,
611 2745 681 2790 euru
705 2726 920 2809 composuisse
943 2734 1075 2809 apparet
1098 2747 1137 2790 ex
1159 2726 1230 2810 ipsa
1251 2725 1373 2791 ratione
1396 2735 1521 2792 11111-

307 2829 388 2910 silio,
412 2827 497 2908 quod
519 2829 613 2911 longe
635 2827 771 2911 plurima
793 2835 974 2908 sequuntur.

405 2930 478 2994 Jam
501 2928 658 3012 expeditis
681 2928 737 3010 eis,
761 2948 841 3009 quae
864 2928 965 2994 obiter
992 2930 1156 2996 tractanda
1188 2930 1279 2995 nobis
1311 2948 1521 3014 proposuera-

306 3052 385 3114 mus,
408 3031 631 3115 aggrediamur
653 3029 695 3096 ad
716 3030 831 3095 librum
852 3030 965 3115 ipsum,
989 3051 1081 3112 quem
1102 3052 1185 3097 nunc
1206 3032 1370 3098 habemus.

405 3133 507 3216 Vulgo
541 3133 684 3197 teruntur
716 3132 913 3216 Theognidis
945 3133 1070 3198 nomine
1097 3153 1206 3200 versus
1236 3135 1325 3216 1389,
1349 3154 1443 3217 quern
1465 3151 1519 3197 nu·

305 3255 425 3302 merum
447 3255 528 3300 unus
551 3233 653 3299 codex
674 3236 860 3301 Mutinensis
876 3235 903 3298 A
919 3235 1064 3317 complet.
1099 3235 1234 3300 Excedit
1254 3243 1360 3301 autem
1376 3237 1403 3301 is
1419 3233 1519 3300 codex

304 3337 421 3418 ceteris
444 3357 508 3402 non
528 3335 622 3400 modo
643 3337 763 3402 maiore
784 3356 929 3402 versuum
951 3355 1090 3419 numero,
1114 3334 1289 3402 sedetiam
1311 3342 1465 3404 vetustate
1488 3342 1520 3399 11

307 3439 481 3524 scripturae
504 3438 708 3522 praestantia.

406 3539 494 3606 Idem
518 3560 558 3604 ex
581 3539 727 3606 omnibus
748 3558 829 3604 unus
852 3540 1005 3604 amatoria
1037 3540 1177 3606 carmina
1209 3540 1356 3622 continet,
1384 3539 1524 3621 quaein

308 3642 498 3709 editionibus
520 3642 636 3708 nostris
659 3648 731 3707 suut
750 3661 780 3706 v.
804 3641 1019 3723 1231-1389,
1036 3649 1068 3706 11
1083 3643 1209 3724 quidem
1223 3642 1376 3726 inscripta
1391 3640 1524 3718 Ἐλεγεί-

308 3766 354 3809 ων
375 3745 411 3809 Β.
455 3746 513 3810 1111
534 3751 641 3809 autem
663 3743 776 3809 decimi
800 3743 929 3808 saeculi.
974 3743 1023 3808 Ex
1044 3743 1182 3827 reliquis,
1202 3741 1255 3825 qui
1279 3762 1523 3810 commemoren-

307 3853 366 3929 tur,
400 3846 487 3930 digni
517 3851 589 3911 sunt
620 3844 690 3911 cod.
723 3845 760 3928 Ο,
784 3845 955 3912 Vaticanus
988 3845 1059 3929 915,
1093 3845 1173 3908 Xlll
1207 3864 1290 3909 saco.
1326 3852 1357 3910 11
1390 3845 1450 3912 cod
1481 3844 1521 3925 K,

308 3948 449 4014 Venetus
471 3947 649 4013 Marcianus
671 3949 734 4013 522
757 3947 815 4011 XV
840 3966 935 4030 saec,
968 3967 1098 4031 quorum
1133 3946 1214 4010 huno
1245 3965 1284 4010 cx
1305 3945 1361 4012 illo
1384 3943 1522 4027 descrip-

307 4057 373 4114 tum
396 4069 465 4114 esse
487 4069 598 4115 recens
620 4049 774 4132 Zicgler⁶)
797 4049 1033 4115 demonstravit.
1088 4047 1253 4126 Quomodo
1280 4054 1386 4114 autem
1413 4066 1522 4111 omnes

413 4287 617 4354 ε’111111011111111
635 4285 715 4354 Elegi
732 4302 748 4340 e
766 4285 843 4341 codd.
860 4283 945 4340 tribus
964 4283 1004 4338 ed.
1029 4282 1091 4338 chr.
1119 4284 1234 4352 Ziegler.
1281 4281 1394 4350 Tubiug.
1442 4285 1521 4340 1868.
