3314 4670
624 232 827 297 ..37-

116 423 393 515 missgbnstige
427 433 598 502 Absicht.
663 434 825 518 Fulgen'de
858 436 957 502 Verse
990 437 1068 518 also,
1092 484 1099 504 .
1123 485 1130 500 .
1154 484 1161 504 .
1185 436 1238 501 die
1270 436 1333 501 den

117 533 244 600 Genuss
268 533 333 598 und
356 535 408 599 die
430 530 578 602 Frendeu
600 535 686 602 eines
710 536 848 620 uppigen
864 537 989 604 Lebens
1005 538 1237 604 verherrliehen
1259 589 1267 606 .
1292 589 1299 605 .
1324 589 1331 606 .

116 637 241 702 mttchte
276 636 328 700 ioh
351 688 516 704 ......
544 638 625 704 ohne
661 636 818 703 Weiteres
855 639 928 703 dem
962 640 1165 707 Mimnermus
1201 639 1333 704 zurttok-

118 745 285 804 erstatten:
307 739 344 805 V.
367 740 516 806 567-70
538 748 596 806 etc.
640 739 708 804 Vae
732 739 826 822 capiti
848 741 993 807 maledici
1008 751 1039 808 et
1053 742 1183 826 maligni
1199 740 1333 806 hominis

118 841 219 922 istius,
242 840 420 924 quicunque
442 841 510 925 fuit,
534 841 651 925 siluit,
674 840 727 925 qui
754 841 945 907 sanctissimi
972 843 1134 928 scriptoris
1161 842 1332 926 imaginem

117 941 272 1025 pollueret
295 947 326 1006 et
348 945 525 1027 spurcaret!
549 963 751 1010 exsecramur
773 963 842 1007 curn
865 943 1055 1011 Nietzschio.
1110 948 1151 1010 At
1173 945 1275 1027 huius,
1299 953 1333 1010 ut

116 1043 278 1108 lenissime
312 1044 425 1126 dicam,
460 1043 617 1128 fiduciam,
651 1066 714 1126 qua
745 1044 778 1108 in
811 1046 905 1110 rebus
938 1052 1000 1110 tam
1023 1046 1245 1130 opinabilibus,
1267 1054 1332 1112 tam

115 1145 223 1210 dubiis
245 1145 348 1228 utitur,
372 1146 442 1227 quis
464 1146 600 1211 hicnon
623 1146 817 1211 admiratur?
861 1147 901 1210 Et
923 1146 994 1227 quis
1017 1154 1073 1230 est,
1091 1147 1140 1212 cui
1156 1147 1225 1215 eius
1240 1149 1332 1214 ratio-

117 1247 233 1312 cinatio
268 1247 485 1330 persuaserit?
538 1248 700 1332 Neglectis
735 1248 817 1312 enirn
854 1250 908 1330 eis,
942 1269 1024 1332 quae
1050 1269 1125 1314 vere
1147 1250 1331 1318 Athenaeus

118 1355 258 1431 testatur,
291 1349 389 1412 multa
422 1349 474 1413 hic
499 1348 699 1432 preferuntur
727 1372 765 1416 eo
792 1351 889 1434 vultu,
913 1350 1004 1433 quasi
1024 1350 1087 1415 iam
1110 1353 1215 1416 omnia
1237 1351 1333 1435 plana

119 1450 182 1515 sint
203 1457 233 1515 et
254 1449 409 1517 confessa.
455 1452 497 1515 At
517 1450 543 1516 si
560 1450 687 1535 scripsit
702 1451 865 1533 Theognis
879 1473 907 1518 v.
925 1452 1071 1518 993--96
1087 1459 1118 1518 et
1133 1453 1331 1535 est-1002,

119 1571 173 1616 eur
194 1551 329 1617 eundern
350 1572 504 1636 negemus
526 1552 589 1616 alia
612 1553 727 1617 similia
746 1552 935 1636 scripsisse?
981 1553 1040 1616 llla
1055 1553 1083 1617 si
1097 1553 1161 1618 iam
1176 1554 1331 1619 Athenaei

117 1653 313 1737 temporibus
346 1653 380 1717 in
412 1655 473 1718 hoc
499 1653 579 1718 libro
601 1654 731 1736 inerant,
756 1674 810 1719 cnr
831 1675 894 1719 non
917 1653 1028 1720 eodem
1051 1663 1145 1738 pacto
1167 1645 1229 1719 alra
1251 1655 1332 1719 eius·
1371 1735 1375 1743 Ι

116 1755 189 1820 dem
213 1754 361 1838 generis?
404 1753 604 1837 Relinquitur
627 1777 711 1838 ergo,
734 1762 767 1821 ut
789 1761 843 1820 aut
865 1775 988 1821 omnem
1004 1755 1221 1821 austeritatem
1236 1755 1332 1820 Athe-

116 1876 199 1921 naeo
223 1855 409 1937 derogemus
431 1895 471 1904 -
493 1862 559 1922 turn
580 1865 684 1922 autem
707 1857 803 1923 totius
826 1857 1020 1940 quaestionis
1047 1855 1254 1922 fundamenta
1278 1856 1333 1922 de·

119 1966 291 2040 struuntur3
327 1965 380 2022 aut
401 1960 558 2024 Athenaei
591 1959 776 2025 auctoritate
810 1957 918 2024 confisi
950 1959 1042 2024 nobis
1072 1958 1331 2042 persuadeamus,

119 2058 223 2123 aliena
244 2096 284 2106 —
308 2058 334 2123 si
359 2058 485 2142 quidem
507 2061 581 2125 licet
602 2060 682 2126 haec
707 2061 811 2126 aliena
832 2068 943 2144 putare
966 2097 1005 2106 -
1030 2081 1101 2125 cunr
1123 2067 1244 2125 mature
1260 2062 1333 2127 sub·

116 2159 184 2224 dita
206 2180 278 2226 esse
299 2169 364 2226 turn
386 2161 484 2226 fuisse
507 2170 611 2226 aetate
635 2161 801 2227 Athenaei.
850 2161 912 2224 Aut
939 2163 1022 2225 enirn
1046 2161 1123 2225 nihil
1146 2161 1236 2226 nobis
1259 2161 1332 2227 licet

117 2283 157 2325 ex
179 2268 288 2326 nostra
309 2263 467 2327 sententia
488 2263 624 2328 alienum
645 2263 786 2328 iudicare
809 2262 1030 2346 aTheognide
1045 2270 1171 2346 praeter
1186 2283 1233 2345 ea,
1251 2283 1332 2344 quae

117 2363 207 2426 firma
229 2369 261 2427 et
283 2371 369 2428 certa
390 2365 575 2430 auctoritate
596 2372 737 2430 veterum
764 2365 949 2447 scriptorum
975 2364 1046 2429 aliis
1069 2364 1254 2447 tribuuntur,
1277 2375 1332 2431 aut

120 2464 147 2528 si
168 2463 350 2547 quidquam,
374 2473 457 2530 certe
479 2466 541 2549 illa,
566 2486 648 2548 quae
675 2469 716 2531 ab
745 2465 910 2531 Athenaeo
938 2466 1120 2534 afferuntur.
1177 2466 1277 2549 Igitur
1298 2477 1333 2534 ut

119 2565 182 2630 sint
203 2565 308 2631 aliena
330 2566 403 2632 huic
425 2573 531 2632 nostro
553 2569 633 2634 libro
656 2565 852 2653 Theognidis
877 2565 1004 2650 inserta,
1031 2589 1094 2634 non
1116 2566 1248 2633 dubium
1271 2577 1329 2653 est,

116 2667 193 2750 quin
215 2667 277 2730 ianr
300 2667 416 2733 fuerint
440 2667 596 2734 Athenaei
618 2668 823 2752 temporibus
847 2689 887 2733 ex
914 2688 975 2752 quo
1003 2667 1139 2734 efficitur
1165 2676 1199 2733 ut
1225 2670 1333 2736 verisi-

114 2767 278 2834 millimum
299 2770 426 2836 sitnon
447 2769 624 2834 absimilem
646 2776 753 2834 nostro
776 2768 874 2842 fuisse
896 2769 1009 2835 librum
1031 2769 1197 2837 Athenaei.
1231 2772 1329 2838 Porro

115 2889 156 2932 ne
176 2869 257 2935 illud
280 2870 408 2952 quidem
430 2872 463 2935 in
485 2869 599 2936 eadem
620 2893 654 2936 re
676 2869 889 2954 spernendum
911 2892 1036 2954 censeo,
1058 2870 1152 2954 quod,
1176 2890 1258 2953 quae
1279 2871 1332 2939 illc

119 2969 233 3053 attulit,
264 2972 298 3036 in
330 2973 447 3038 nostris
480 2972 642 3038 codicibus
676 2971 823 3037 continuo
857 2972 939 3036 inter
965 2993 999 3038 se
1023 2972 1190 3056 excipiunt,
1214 2994 1276 3055 quo
1298 2975 1332 3039 fit

116 3069 282 3152 probabile
301 3073 364 3138 iarn
386 3073 585 3138 Athenaeum
608 3073 756 3139 continua
777 3094 814 3138 ea
834 3073 962 3155 legisse.
1006 3075 1056 3138 An
1071 3094 1141 3138 eum
1157 3093 1330 3159 censemus,

113 3181 199 3254 quae
222 3173 325 3236 attulit
346 3174 388 3238 ad
408 3175 620 3258 probandum,
641 3174 716 3257 quid
739 3174 870 3239 sentiret
893 3174 932 3238 de
956 3174 1151 3260 Theognide,
1176 3197 1216 3242 ex
1231 3177 1332 3243 diver-

114 3272 159 3340 sis
182 3272 374 3356 remotisque
395 3275 471 3341 locis
494 3277 741 3360 conquisivisse?
784 3276 865 3341 Tum
888 3296 983 3359 quarn
998 3276 1075 3341 miro
1095 3297 1170 3343 casu
1185 3285 1331 3361 putamus

113 3385 244 3458 postero
268 3382 409 3458 ternpore
431 3396 468 3440 ea
490 3376 625 3443 conflata
647 3379 732 3442 esset
776 3378 822 3442 Eo
838 3397 915 3442 sane
929 3377 1029 3460 magis
1044 3376 1230 3463 admirabili,
1246 3379 1331 3463 quod

116 3473 197 3540 haec
228 3474 342 3541 eadem
375 3475 455 3559 lege,
489 3499 553 3560 qua
586 3486 700 3562 cetera,
728 3499 798 3543 curn
820 3477 1079 3544 antecedentibus
1102 3485 1133 3543 et
1155 3498 1225 3544 cum
1248 3480 1331 3547 inse-

117 3576 286 3654 quentibus
309 3577 476 3644 coniuncta
496 3587 652 3646 tenentur.
696 3581 780 3646 Nam
801 3580 874 3645 vide
897 3580 986 3665 paria
1007 3581 1119 3646 verba:

138 3692 293 3762 989-92.
359 3697 470 3778 θυμόν.

135 3810 294 3880 993-96.
448 3817 557 3886 ἆθλον.
581 3818 615 3882 ἐν
627 3819 748 3902 μέσσῳ.
762 3819 869 3886 καλόν.
886 3817 1016 3898 σοφίης.
1030 3820 1128 3883 καλὸν
1140 3818 1238 3899 ἄνθος
1250 3821 1332 3900 ἔχων

132 3931 336 4020 997-1002.
360 3937 472 4014 θυμός.
576 3936 749 4016 μέσσατον.

108 4051 275 4118 1003-6.
426 4053 553 4121 ἄεθλον.
759 4052 937 4120 κάλλιστον.
951 4053 1150 4141 ἀνδρὶσοφῷ.

108 4169 294 4238 1007-12.
509 4239 512 4244 ,
984 4172 1103 4249 ἀγλαὸν
1125 4175 1224 4253 ἄνθος
1240 4175 1332 4255 ἔχων.

219 4289 330 4372 Itaque
353 4311 395 4356 ex
416 4289 477 4355 hac
498 4290 580 4373 lege,
603 4289 632 4362 si
647 4290 740 4358 modo
753 4289 873 4373 aliquid
889 4290 919 4357 ei
936 4298 984 4358 est
999 4291 1207 4430 tubuendupr,
1223 4294 1334 4360 mirum
