3314 4670
676 217 878 282 ..55-

170 417 301 492 civibus,
325 437 457 498 quorum
479 417 574 483 saluti
596 437 724 503 operam
748 419 824 484 dare
857 439 1016 501 nunquam
1050 417 1201 485 desierit?
1244 420 1284 484 st
1308 418 1384 502 quid

170 537 254 581 nunc
286 517 407 600 mirum,
440 519 517 601 quid
546 521 687 585 insolens
716 521 748 583 in
772 521 831 585 illis
853 521 1019 586 versibus?-
1059 519 1200 584 Lenioris
1223 520 1330 600 utique
1353 526 1384 585 et

154 619 392 701 ‚tranquillioris
425 621 530 701 arrimi,
565 621 622 686 sed
650 622 702 703 qui
725 623 862 686 nondum
887 629 979 686 vocet
1001 622 1084 686 omni
1116 620 1238 704 dolore,
1262 627 1292 686 et
1315 621 1384 686 sine

140 803 141 808 ἵ
171 721 265 786 dubio
288 722 413 806 scripta,
437 743 499 804 quo
521 730 663 806 tempore
691 725 751 786 iam
779 724 849 788 loco
872 737 938 787 erat
961 733 1073 802 motus,
1097 724 1175 787 haec
1199 733 1279 804 sunt,
1301 742 1383 805 quae

171 824 315 906 leguntur
336 845 365 888 ν.
389 825 453 889 675
475 845 554 905 seq:

129 916 133 929 '
212 975 368 988 ......
391 927 585 1004 κυβερνήτην
609 929 665 1005 μὲν
689 928 833 990 ἔπαυσαν

212 1027 339 1097 ἐσθλόν,
363 1026 449 1105 ὅτις
472 1030 618 1107 φυλακὴν
642 1028 725 1107 εἶχεν
749 1030 975 1106 ἐπισταμένως·

212 1128 355 1206 χρήματα
378 1126 405 1190 h'
427 1129 604 1208 ἁρπάζουσι
628 1131 686 1214 βίῃ,
710 1131 832 1208 κόσμος
855 1129 882 1193 b'
904 1131 1070 1195 ἀπολωλεν
1093 1135 1155 1195 κτλ.

171 1239 203 1294 et
224 1251 253 1294 v.
277 1232 337 1298 233
359 1251 440 1314 seq:

118 1381 136 1421 ¹.
213 1329 398 1410 Ἀκρόπολις
420 1335 471 1396 καὶ
492 1334 614 1411 πύργος
638 1335 700 1399 ἐὼν
723 1336 911 1414 κενεόφρονι
934 1335 1032 1417 δήμῳ,

215 1432 311 1511 Κύρν’,
334 1434 443 1524 ὀλίγης
465 1439 556 1511 τιμῆς
578 1435 713 1514 ἔμμορεν
736 1438 854 1514 ἐσθλὸς
876 1437 964 1512 ἀνηρ.

209 1613 219 1620 l
271 1535 356 1611 Quid
379 1534 463 1598 enim
484 1536 624 1618 impedit,
648 1540 810 1619 quominus
833 1559 927 1602 voces
947 1538 1065 1614 ἐσθλὸς
1086 1536 1165 1613 ἀνήρ
1187 1535 1381 1612 ορκυβερνή-

169 1656 226 1713 την
238 1636 357 1700 ἐσθλὸν
380 1657 400 1699 a
423 1637 610 1718 Theognide
634 1637 673 1701 dri
687 1660 721 1702 se
743 1641 812 1723 ipso
836 1639 936 1704 dictas
958 1659 1029 1704 esse
1049 1649 1195 1722 putemus
1211 1642 1242 1700 et
1259 1636 1381 1716 utrique

170 1738 369 1802 substantivo
392 1736 547 1803 adiectam
570 1759 681 1803 vocem
702 1741 820 1804 ἐσθλόν
843 1762 912 1806 esse
936 1761 1030 1806 sensu
1054 1740 1146 1820 civili,
1170 1758 1232 1819 quo
1248 1738 1382 1826 plerum·
1420 1753 1425 1762 ·

170 1858 232 1920 que
255 1846 431 1922 usurpatur,
455 1840 501 1904 ita
523 1849 556 1904 ut
578 1834 797 1923 gubernatoris
819 1845 886 1907 sive
916 1842 1068 1927 principis
1090 1841 1110 1904 i.
1135 1861 1161 1903 e.
1185 1838 1383 1921 Theognidis

171 1939 276 2008 nobile
309 1960 408 2022 gertus
441 1953 618 2025 opponatur
652 1945 761 2008 lmmili
795 1946 981 2028 consiliique
1015 1952 1135 2027 experti
1168 1942 1262 2024 plebi,
1294 1939 1382 2003 errius

171 2041 367 2124 potissimum
382 2044 556 2110 mobilitate
573 2052 605 2109 ct
621 2048 754 2112 stultitia
768 2048 937 2127 occiderat,
950 2057 985 2110 ut
1001 2047 1068 2110 aliis
1081 2043 1193 2108 cedere
1210 2047 1382 2124 cogeretur.

272 2144 360 2209 Haec
383 2147 497 2227 omnia,
520 2167 601 2230 quae
625 2149 776 2212 lractcnus
799 2149 933 2213 dixinms
958 2151 996 2212 dc
1017 2150 1095 2226 loco,
1113 2165 1204 2226 (tuem
1221 2142 1382 2224 Theognis

169 2243 203 2307 in
231 2265 263 2308 re
296 2246 424 2328 publica
458 2249 630 2314 obtinuisse
664 2249 796 2331 videtur,
831 2251 856 2314 si
889 2249 1000 2314 iterum
1033 2248 1240 2331 respicientes
1274 2243 1383 2326 paucis

172 2347 475 2433 comprehendimus,
497 2351 575 2414 illud
597 2351 630 2414 fit
653 2351 824 2416 vorisimile
851 2371 913 2415 non
942 2361 1103 2435 tontopcrc
1133 2368 1201 2411 cum
1226 2346 1382 2429 optimati-

172 2448 230 2512 bus
253 2449 422 2532 studuisse,
446 2460 639 2534 quantopcre
672 2454 776 2518 multis
810 2453 913 2517 adhuc
947 2472 1130 2537 persuasum
1162 2459 1218 2528 est,
1241 2453 1295 2510 aut
1316 2445 1384 2509 fieri

171 2569 234 2611 uon
256 2550 408 2632 potuisse,
431 2561 464 2616 ut
486 2553 622 2616 omnium
648 2575 801 2618 corinensu
823 2556 868 2620 rei
896 2556 1045 2640 publicae
1061 2551 1290 2635 praeficeretur.
1320 2547 1385 2614 Sed

172 2669 235 2730 qua
257 2671 291 2714 re
314 2653 488 2735 perbreve
511 2662 635 2738 tempus
658 2657 793 2720 omnium
817 2659 938 2722 animos
960 2661 992 2721 in
1016 2677 1087 2720 eum
1116 2671 1282 2717 conversos
1306 2650 1384 2714 vidi-

170 2773 250 2835 musr,
274 2774 313 2818 ea
334 2755 405 2837 ipsa
426 2774 470 2836 re,
501 2756 586 2838 qnod
619 2760 738 2823 neutris
774 2763 916 2842 patrtibus
948 2761 1043 2844 plane
1077 2756 1216 2834 deditus,
1248 2751 1384 2817 mediam

170 2854 251 2919 viam
275 2856 397 2938 ingredi
419 2857 451 2920 in
474 2879 507 2921 re
530 2859 659 2942 publiea
692 2863 828 2925 animum
863 2863 1031 2926 induxerat
1062 2871 1092 2922 et
1114 2877 1154 2920 uc
1177 2853 1384 2919 seditionibus

172 2954 297 3035 quidem
330 2959 406 3024 ortis
439 2959 544 3041 desiit,
579 2960 696 3024 factum
730 2973 786 3044 est,
821 2975 853 3027 ut
887 2965 1006 3045 utrique
1039 2959 1120 3043 parti
1151 2954 1289 3019 invidiae
1313 2976 1383 3020 esse

173 3057 319 3139 eoeperit,
342 3081 412 3126 curn
436 3081 653 3144 quaecumque
677 3065 809 3127 consilia
830 3065 875 3128 rei
892 3065 1036 3147 publicae
1052 3057 1266 3124 restituendae
1282 3058 1384 3140 gratia

172 3156 324 3223 adversus
357 3163 537 3228 alterutram
570 3171 692 3248 partem
724 3166 844 3246 inierat,
877 3187 1001 3248 sempor
1023 3161 1183 3228 seditiosis
1207 3159 1328 3222 civibus
1352 3167 1383 3222 et

171 3259 343 3324 factionum
366 3263 506 3347 ducibus,
530 3267 597 3331 sivo
621 3266 694 3330 hinc
716 3267 782 3331 sive
805 3268 888 3331 illine
910 3269 1045 3346 stabant,
1068 3265 1169 3327 locum
1187 3258 1282 3339 dedit,
1299 3260 1381 3324 unde

171 3361 204 3424 in
226 3382 297 3427 eum
319 3363 546 3432 inveherentur.
591 3368 719 3432 Scilicet
741 3369 843 3451 abiis,
868 3370 1062 3452 quibuscum
1085 3382 1201 3446 genere
1224 3372 1255 3424 ot
1270 3361 1381 3427 ordine
1437 3415 1439 3419 ,

173 3473 240 3528 erat
262 3466 456 3549 coniunctus,
479 3470 694 3551 respuebatur,
717 3477 885 3554 postquam
907 3471 1099 3554 plebeiorum
1116 3463 1257 3548 partibus
1273 3462 1380 3528 iuvere

173 3564 257 3631 visus
280 3576 337 3650 est,
360 3588 430 3632 eum
452 3569 546 3651 plebe
570 3577 674 3635 autem
696 3592 761 3636 rem
784 3573 899 3655 iacere,
929 3573 978 3638 oui
1006 3591 1069 3634 nou
1091 3566 1194 3630 minus
1217 3573 1381 3648 suspectus

100 3675 107 3689 ·
174 3672 249 3747 erat,
282 3689 384 3751 neque
417 3669 519 3755 potuit
552 3677 583 3734 et
616 3673 656 3736 ob
684 3674 810 3752 generis
833 3675 1027 3738 nobilitatem
1050 3668 1159 3734 noluit.
1203 3665 1271 3730 Huc
1293 3688 1381 3735 revo-

173 3767 305 3833 candum
328 3778 375 3836 est
397 3771 484 3847 illud,
508 3772 593 3853 quod
615 3779 679 3837 tam
702 3795 798 3857 saepe
821 3776 983 3857 Theognis
1003 3773 1142 3856 queritur
1157 3765 1197 3829 de
1212 3769 1382 3837 amicorum

171 3871 313 3954 pertidia,
336 3872 375 3937 de
400 3872 503 3959 plebis
524 3874 685 3958 impietate
710 3881 740 3938 et
762 3875 936 3957 iniquitate.
981 3879 1021 3942 Et
1043 3879 1094 3942 hic
1116 3882 1220 3947 tacere
1237 3902 1296 3944 non
1312 3899 1383 3963 pos·

172 3995 251 4056 sum,
276 3975 349 4056 quin
371 3975 486 4057 aliquid
509 3975 617 4060 paucis
640 3975 802 4058 attingam,
827 3977 920 4059 quod,
944 3989 1095 4062 quantum
1111 3983 1185 4066 scic,
1202 3983 1243 4048 ab
1265 3984 1313 4064 iis,
1330 3986 1383 4064 qui

172 4075 369 4160 Theognidis
390 4077 635 4160 interpretationi
659 4099 786 4161 operam
810 4079 973 4162 dederunt,
997 4081 1101 4146 adhuc
1122 4083 1187 4148 fero
1207 4086 1384 4166 neglectum

174 4191 232 4244 est.
275 4180 352 4245 dunt
375 4177 457 4242 enim
482 4179 565 4261 apud
600 4181 818 4262 Theognidem
852 4184 943 4265 pauci
978 4182 1103 4262 quidam
1132 4185 1283 4268 loci‚·qui
1306 4206 1383 4250 eoa

173 4283 285 4348 cetens
306 4281 463 4364 differunt,
487 4280 571 4362 quod
594 4301 688 4348 unum
710 4284 847 4365 aliquem
862 4285 1055 4368 alloquentes
1070 4286 1167 4352 animi
1182 4288 1321 4353 maxima
1335 4288 1383 4354 ira

1201 4421 1233 4474 8*
