3314 4670
828 204 1031 270 ..46Ψ

320 412 436 492 λο0,“)
459 408 737 492 qui-Welckcrum
761 405 963 490 reprehendit
987 412 1018 470 et
1039 405 1191 489 increpat,
1214 405 1298 487 quod
1319 405 1536 488 Xenophontis

320 511 500 578 testimonio
534 511 620 576 nisus
653 509 724 574 illos
756 527 869 573 versus
898 508 931 572 in
954 507 1041 572 initio
1064 508 1214 591 posuerit,
1238 507 1376 572 huncio
1397 506 1535 572 modurn:

320 614 441 696 „Quasi
463 613 547 680 hunc
569 613 672 678 locum
695 610 888 694 ignoraverit
919 609 982 691 ille,
1016 630 1109 692 quem
1131 610 1318 675 Welokerus
1341 617 1450 675 censet
1474 628 1537 672 car-

319 717 406 781 mina
421 714 629 797 Theognidea
644 712 783 794 undique
800 712 972 777 corrasisse
988 720 1020 776 et
1036 712 1272 776 consarcinasse
1288 761 1421 778 .....
1438 711 1537 788 Quasi

320 824 480 883 auctorem
513 816 678 901 poematis,
713 835 775 895 quo
799 821 844 879 tot
865 813 1018 878 materiae
1041 820 1168 896 tamque
1191 812 1298 879 variae
1321 819 1536 892 tractarentur,

321 918 484 984 commode
506 925 602 999 atque
625 917 721 999 digne
744 916 849 981 verbis
870 915 932 979 illis
954 917 1064 993 κριοὺς
1087 917 1143 994 μὲν
1165 916 1216 979 καὶ
1239 914 1336 993 ὄνους
1351 915 1537 996 omninoque

320 1042 361 1088 ex
390 1020 542 1102 singulari
577 1019 715 1101 quadam
748 1039 872 1100 gnoma,
906 1017 967 1082 nisi
990 1039 1009 1082 a
1032 1017 1102 1082 Diis
1126 1027 1157 1082 et
1178 1019 1276 1082 Musis
1300 1037 1447 1082 exorsum
1469 1036 1538 1082 esse

320 1123 498 1205 Xenophon
535 1121 664 1186 eredere
701 1120 851 1204 potuerit!
897 1119 1039 1202 (ἄρχεται
1074 1123 1227 1204 πρῶτον.)
1286 1119 1400 1204 Operis
1438 1119 1539 1205 potius
1631 1137 1632 1144 ¹

321 1222 521 1305 Theognidei
555 1223 721 1303 sectiones
757 1242 889 1303 quarum
921 1221 984 1284 iarn
1018 1242 1114 1305 supra
1136 1244 1156 1287 a
1178 1223 1355 1303 Brunokio,
1391 1221 1538 1286 Bekkero

322 1326 455 1406 aliisque
477 1345 537 1390 nec
560 1324 629 1389 sine
652 1321 938 1388 vetustissimorum
972 1324 1114 1388 codicum
1148 1325 1334 1389 auctoritate
1367 1324 1539 1408 pericolum

321 1430 437 1491 lactum
454 1447 525 1491 esse
540 1425 750 1505 laudavimus,
760 1423 938 1488 coufirmat.
969 1425 1080 1506 ltaque
1091 1425 1124 1489 in
1138 1426 1209 1490 tali
1224 1426 1353 1509 aliqua
1368 1426 1538 1492 sectione

321 1529 482 1595 exorditur
503 1540 598 1611 poeta
620 1530 701 1592 etc.“
744 1528 886 1610 Apparet
909 1525 1004 1608 igitur
1031 1547 1154 1592 onmem
1186 1529 1431 1594 controversiam
1458 1530 1539 1612 posi-

320 1641 385 1696 tam
407 1650 478 1696 esse
501 1630 534 1692 in
556 1629 815 1714 interpretatione
839 1629 925 1694 vocis
947 1629 1083 1706 ποίησις.
1140 1629 1230 1706 Quae
1259 1651 1322 1694 vox
1353 1651 1424 1694 oum
1446 1631 1537 1711 vulgo

319 1734 406 1799 haud
440 1731 536 1797 dubie
570 1751 694 1796 omnem
728 1739 827 1795 artem
854 1731 1012 1814 poeticam
1035 1741 1089 1796 aut
1111 1732 1215 1797 maius
1238 1733 1349 1796 saltem
1371 1753 1485 1816 poema
1504 1737 1533 1794 ut
1633 1773 1634 1778 κ

320 1835 454 1901 lliadem
477 1833 643 1915 significet,
666 1852 769 1918 paene
790 1831 966 1896 inauditum
989 1843 1020 1896 ct
1041 1834 1153 1898 mirum
1178 1834 1309 1914 videtur,
1330 1835 1358 1898 si
1385 1834 1529 1900 hocloco

322 1938 436 2004 dieitur·
458 1936 500 2001 ad
523 1936 636 2001 decem
657 1954 767 1999 versus
790 1944 944 2017 spectare.
993 1934 1085 2011 Quod
1109 1935 1175 2000 vult
1197 1935 1401 2019 Leutsohius3
1424 1935 1535 2016 dicit⁴⁸l

322 2039 418 2104 enim:
441 2038 555 2121 „Nach
577 2057 708 2102 unserer
734 2037 930 2118 Auffassung
956 2037 999 2102 ist
1030 2036 1110 2116 ἀρχὴ
1133 2041 1192 2115 τῆς
1213 2039 1378 2117 ποιήσεως
1400 2038 1455 2102 der
1476 2041 1538 2101 An-

320 2142 397 2223 fang
419 2139 524 2205 dieser
545 2137 644 2204 Stelle
667 2139 777 2216 κριοὺς
799 2139 856 2216 μὲν
878 2141 950 2212 κτλ,
973 2160 1008 2204 so
1032 2139 1107 2204 dass
1128 2140 1257 2217 ποίησις
1277 2140 1346 2204 hier
1361 2137 1535 2221 „Gedieht“

321 2241 503 2308 bedentet.“
547 2240 639 2317 Quod
662 2261 700 2305 co
722 2239 898 2305 mirabilius
922 2250 981 2321 est,
1005 2244 1079 2323 quia
1100 2241 1133 2304 in
1155 2242 1216 2306 hoc
1238 2242 1306 2324 ipso
1329 2242 1396 2306 loeo
1409 2239 1538 2316 ποίησις

320 2345 507 2410 vocabulum
530 2349 639 2425 aperte
662 2341 790 2425 vulgari
809 2363 904 2408 sensu
926 2343 1019 2425 paulo
1047 2350 1120 2406 ante
1150 2353 1334 2425 usurpatum
1357 2355 1413 2408 est.
1455 2341 1541 2406 Nam

322 2468 392 2512 cum
414 2445 549 2528 legimus
573 2443 669 2522 οὗτος
692 2445 728 2508 δὲ
750 2445 768 2507 ὁ
791 2446 926 2521 ποιητὴς
947 2445 1020 2522 περὶ
1042 2445 1178 2521 οὐδενὸς
1200 2445 1298 2509 ἄλλου
1322 2446 1419 2521 λόγον
1434 2444 1541 2508 πεποί-

321 2570 392 2626 ηται
414 2549 434 2625 ἢ
457 2547 529 2624 περὶ
562 2544 679 2623 ἀρετῆς
712 2546 763 2608 καὶ
785 2545 895 2622 κακίας
917 2545 1105 2622 ἀνθρώπων,
1134 2547 1204 2628 quis
1230 2546 1283 2610 hio
1310 2547 1444 2630 dubitat,
1469 2547 1539 2628 quin

322 2649 361 2713 de
384 2647 470 2713 omni
491 2647 686 2730 Theognidis
709 2647 800 2729 poesi
822 2647 1000 2712 iudicetur?
1046 2647 1135 2712 Idem
1164 2648 1196 2710 in
1220 2649 1468 2714 controversiam
1490 2647 1534 2712 rix

321 2757 426 2834 potest
448 2749 564 2830 venire,
589 2768 659 2812 oum
682 2747 837 2831 pergitur:
860 2750 912 2811 καὶ
933 2749 1020 2812 ἔστιν
1043 2750 1062 2826 ἡ
1085 2749 1244 2828 ποίησις
1267 2751 1457 2829 σύγγραμμα
1473 2750 1539 2826 περὶ

321 2851 502 2928 ἀνθρώπων
525 2851 636 2927 ὥσπερ
659 2854 722 2913 κτλ.
778 2848 934 2914 Continuo
968 2859 1072 2916 autem
1105 2859 1178 2936 post
1199 2853 1280 2917 haec
1301 2852 1418 2934 legenti
1442 2853 1461 2929 ἡ
1486 2851 1542 2915 οὖν

321 2952 401 3032 ἀρχή
419 2971 470 3029 μοι
493 2955 581 3014 δοκεῖ
602 2955 661 3028 τῆς
683 2954 880 3030 ποιήσεως
903 2952 1011 3031 ὀρθῶς
1026 2954 1109 3033 ἔχειν
1125 2953 1176 3018 001
1198 2961 1303 3037 potest
1323 2953 1454 3017 dubium
1472 2973 1545 3018 esse
1635 2955 1636 3020 i

321 3053 433 3119 eodem
454 3052 507 3115 hio
529 3052 658 3130 ποίησιν
680 3053 845 3136 pertinere,
873 3074 935 3138 quo
957 3055 1074 3120 antea?
1127 3055 1239 3135 Neque
1262 3075 1337 3119 vero
1359 3055 1439 3120 haec
1464 3055 1548 3120 diffi-

321 3156 420 3221 cultas
443 3154 526 3237 fugit
549 3155 762 3220 Leutsohiurn.
812 3154 918 3232 Quare
944 3157 1029 3220 huuc
1055 3157 1158 3221 locum
1189 3157 1354 3222 confusum
1377 3179 1448 3222 esse
1472 3179 1550 3223 eon-

320 3255 477 3340 tendite)
500 3255 586 3335 qnod
607 3277 728 3341 vereor,
751 3266 787 3323 ut
809 3258 959 3340 cuiquam
981 3259 1085 3341 magis
1108 3258 1299 3341 probaverit,
1316 3279 1410 3339 quam
1427 3266 1549 3325 cetera.

320 3356 404 3422 Nam
438 3355 508 3438 quis
541 3377 605 3421 non
637 3358 725 3423 videt
758 3361 800 3425 ad
822 3360 903 3425 haee
926 3381 997 3425 eum
1020 3359 1208 3442 decurrisse,
1231 3369 1265 3425 ut
1287 3369 1436 3442 tueretur,
1461 3382 1550 3443 quae

321 3480 361 3524 ex
382 3457 525 3523 Platonis
548 3458 603 3524 illo
625 3460 695 3526 loco
719 3462 867 3545 collegit?
993 3447 995 3452 ¹

422 3560 595 3625 Veniamus
617 3562 659 3625 ad
681 3564 813 3628 alterum
837 3563 997 3646 quiddam.
1049 3563 1138 3628 Idem
1165 3564 1346 3648 Xenophon
1374 3565 1425 3628 vel
1457 3567 1551 3630 Anti-

322 3661 450 3728 sthenes
473 3662 564 3727 testis
588 3683 657 3729 osse
681 3665 794 3730 dicitur
816 3667 856 3730 ah
880 3665 1011 3746 antiquo
1044 3685 1140 3748 opere
1168 3664 1376 3748 Theognideo
1399 3666 1551 3734 abluisse

322 3764 435 3843 omnia,
469 3783 574 3846 „quae
601 3786 620 3828 a
647 3767 818 3832 severitate
851 3767 1029 3849 vulgarium
1063 3773 1303 3850 praeceptorum
1338 3769 1553 3832 abhorrentia

320 3865 477 3931 luxuriam
512 3874 543 3929 et
575 3868 737 3933 mollitiam
771 3871 926 3952 spi1·ant;‘·'
956 3889 1029 3932 nam
1053 3889 1123 3934 oum
1146 3868 1200 3932 ille
1224 3867 1322 3933 dieat:
1346 3867 1443 3946 οὗτος
1466 3872 1503 3933 δὲ
1530 3871 1552 3933 ὁ

321 3969 458 4046 ποιητὴς
489 3968 561 4046 περὶ
594 3968 730 4056 οὐδςνὸς
762 3970 861 4036 ἄλλου
895 3971 992 4045 λόγον
1019 3971 1187 4047 πεποίηται
1214 3971 1234 4047 ἢ
1257 3971 1330 4047 περὶ
1352 3969 1470 4049 ἀρετῆς
1494 3975 1554 4035 καὶ

427 4321 461 4386 ⁴⁹)
481 4319 579 4374 ibidem
595 4273 622 4386 p.
641 4322 694 4374 519
712 4335 767 4386 seq.

1634 3459 1636 3578 l
