3314 4670
837 205 1040 274 ..As-

334 413 481 490 quantum
514 405 668 471 firmitatis
700 403 824 470 accedit
857 404 915 488 eis,
947 424 1029 490 quae
1062 426 1160 494 supra
1191 404 1262 471 aliis
1292 403 1342 470 usi
1368 403 1547 470 rationibus

335 516 443 575 eontra
463 507 679 574 Nietnschium
701 506 939 596 disputavimus.

433 611 505 677 Jam
538 609 645 676 dilutis
678 615 711 674 et
730 608 874 676 refutatis
898 610 954 686 eis,
976 631 1058 695 quae
1081 611 1262 676 Athenaeus
1285 607 1325 673 de
1348 605 1449 672 forma
1470 606 1547 676 libri

335 711 533 796 Theognidei
556 711 664 776 testari
686 717 824 795 putatur,
857 731 984 794 prorsus
1017 712 1109 778 nihili
1137 719 1218 794 sunt,
1241 730 1321 795 quae
1344 707 1491 772 Julianus
1514 715 1548 772 et

335 813 471 896 Cyrillus
493 811 663 878 memoriae
685 812 863 895 prodidisse
886 813 1039 879 dicuntur.
1085 814 1284 897 Quapropter
1306 810 1459 894 originem
1473 831 1547 875 nos-

334 921 401 978 trae
425 913 616 979 collectionis
640 915 862 994 quaerentibus
884 915 975 980 nobis
998 916 1152 990 Athenaei
1167 921 1272 979 aetate
1288 920 1437 996 superata
1451 913 1548 978 altius

334 1015 459 1084 videtur
480 1016 688 1101 repetendum
710 1035 781 1081 esse
803 1021 834 1080 et
856 1016 979 1081 animus
999 1016 1040 1080 ad
1059 1016 1237 1098 antiquiora
1250 1023 1394 1098 tempora
1408 1012 1547 1078 referen-

336 1118 403 1183 dus.
443 1119 530 1186 Ecce
552 1137 653 1182 novus
675 1117 767 1182 testis
790 1117 902 1182 citatur
929 1118 989 1183 Dio
1017 1118 1269 1202 chrysostomus,
1292 1117 1386 1198 qui³⁰)
1409 1115 1546 1180 Alexan-

258 1237 260 1244 ·
335 1220 425 1284 drum
446 1227 590 1302 rogatum
613 1226 754 1302 epatre,
776 1218 853 1302 quid
875 1227 969 1300 esset,
993 1218 1077 1302 quod
1099 1219 1207 1302 solum¹
1222 1239 1239 1284 e
1255 1218 1359 1304 poetis
1374 1217 1546 1282 Homerum

335 1323 464 1406 legeret,
485 1320 605 1386 inducit
628 1321 708 1386 haec
736 1319 994 1404 respondentem:
1023 1322 1062 1385 τὰ
1094 1323 1151 1399 μὲν
1183 1319 1242 1385 οὖν
1274 1318 1354 1383 ἄλλα
1386 1321 1547 1398 ποιήματα

336 1424 435 1500 ἔγωγε
469 1423 604 1501 ἡγοῦμαι
635 1424 674 1486 τὰ
707 1424 763 1500 μὲν
795 1424 972 1500 συμποτικὰ
1004 1423 1117 1495 αὐτῶν,
1151 1423 1190 1486 τὰ
1218 1423 1255 1486 δὲ
1285 1421 1426 1499 ἐρωτικὰ,
1450 1423 1547 1486 τὰδὲ

336 1525 474 1603 ἐγκώμια
509 1523 655 1601 ἀθλητῶν
690 1545 724 1588 τε
760 1525 810 1587 καὶ
844 1523 950 1588 ἵππων
985 1525 1146 1588 νικώντων
1179 1524 1289 1601 ὥσπερ
1323 1523 1361 1601 δή
1395 1544 1465 1587 τινα
1497 1525 1547 1587 καλ

337 1626 487 1705 δημοτικὰ
520 1623 632 1700 λέγοιτ’
664 1625 703 1690 ἂν
733 1627 993 1704 συμβουλεύοντα
1015 1627 1064 1689 καὶ
1086 1623 1302 1704 παραινοῦντα
1323 1628 1392 1702 τοῖς
1414 1628 1545 1701 πολλοῖς

288 1727 293 1734 ’
337 1729 387 1791 καὶ
420 1726 558 1802 ἰδιώταις
590 1727 732 1804 καθάπερ
765 1725 851 1804 οἶμαι
877 1728 916 1790 τὰ
937 1726 1124 1791 Φωκυλίδου
1147 1728 1197 1790 καὶ
1219 1725 1399 1803 Θεόγνιδος,
1423 1723 1481 1806 ἀφ’
1501 1725 1542 1790 ὧν

336 1829 364 1891 τί
386 1829 425 1892 ἂν
447 1828 653 1905 ὠφεληθῆναι
675 1829 803 1892 δύναιτο
825 1827 906 1905 ἀνὴρ
928 1827 1002 1904 ἡμῖν
1025 1828 1148 1906 ὅμοιος;
1177 1828 1255 1905 Quin
1285 1848 1359 1892 vero
1381 1827 1535 1893 hinorum

336 1927 505 1994 Welokero
539 1928 706 1993 concludat
738 1927 956 2011 Theognidem
989 1929 1113 1993 omnino
1145 1931 1231 1994 nulla
1266 1929 1421 1994 amatoria
1453 1937 1541 2011 atqua

337 2029 513 2096 convivalia
535 2028 674 2095 earmina
696 2029 833 2096 fecisse?
876 2030 947 2094 Huc
968 2030 1126 2113 pertinent
1148 2030 1269 2113 eadem,
1294 2050 1374 2112 quea
1397 2049 1488 2115 supra
1503 2027 1543 2092 de
1631 2027 1632 2034 ’

337 2131 456 2215 Cyrillo
480 2125 660 2196 et'Juliano
683 2131 829 2214 diximus,
853 2153 923 2197 eum
956 2131 1080 2196 ‹lisfioile
1110 2132 1152 2197 sit
1173 2131 1302 2197 credere
1336 2130 1452 2214 singula
1482 2127 1538 2209 illi,

337 2254 406 2298 cum
439 2233 600 2315 scriberet,
633 2235 802 2299 obversata
835 2255 914 2317 esse,
947 2255 1010 2299 non
1045 2233 1149 2318 potius
1184 2232 1353 2316 imaginem
1389 2229 1541 2314 quandam

337 2333 540 2417 Theognidis,
575 2354 655 2416 quae
688 2336 793 2401 animo
825 2335 1003 2400 inhaereret
1031 2341 1183 2419 concepta
1213 2356 1253 2400 ex
1275 2335 1433 2401 uberrima
1453 2333 1546 2418 copia

226 2507 230 2518 ς
337 2434 561 2502 sententiarum
585 2436 773 2518 graviorum.

437 2536 551 2603 Allatis
573 2537 666 2622 igitur
689 2548 720 2603 et
741 2539 909 2623 perpensis
933 2539 1077 2606 omnibus
1098 2545 1238 2605 veterum
1261 2538 1448 2623 scriptorum
1464 2537 1545 2602 testi-

338 2636 459 2718 moniis,
481 2657 563 2719 quae
586 2637 627 2702 ed
649 2647 791 2723 tempora
813 2639 907 2705 huius
936 2641 1129 2706 collectionis
1156 2641 1311 2724 pertinere
1334 2637 1493 2724 putantur,
1512 2643 1541 2702 ut

338 2738 449 2825 paucis
485 2740 794 2824 comprehendamus,
823 2763 904 2822 quae
926 2742 1066 2808 assecuti
1098 2762 1214 2826 sumus,
1247 2742 1327 2808 haec
1358 2747 1445 2806 sunt:
1479 2741 1545 2805 Duo

338 2860 456 2924 genera
477 2849 639 2906 auctorum
662 2850 734 2907 sunt
755 2841 975 2926 discernenda,
998 2866 1103 2928 unum,
1127 2845 1212 2927 quod
1235 2851 1307 2928 eget
1330 2843 1504 2910 subtilitate
1520 2853 1549 2908 et

337 2941 574 3027 perspicuitate,
596 2943 699 3026 refert,
722 2942 799 3026 quid
821 2945 915 3029 vulgo
949 2945 1087 3030 antiquis
1118 2945 1313 3031 temporibus
1346 2945 1489 3012 homines
1510 2945 1551 3010 de

340 3044 527 3127 Theognide
549 3045 712 3109 senserint.
757 3047 793 3110 ln
815 3068 876 3129 quo
899 3069 1016 3132 genere
1038 3046 1176 3112 habendi
1196 3053 1268 3112 sunt
1288 3047 1349 3112 Dio
1366 3046 1553 3131 Chrysosto-

340 3167 418 3227 mus,
441 3146 594 3228 Julianus,
618 3147 764 3230 Cyrillus,
787 3169 827 3213 en
850 3150 964 3232 quibus
987 3149 1065 3214 nihil
1088 3149 1164 3214 certi
1186 3147 1225 3213 de
1247 3148 1451 3233 temporibus,
1476 3148 1556 3212 nihil

341 3247 381 3312 de
403 3247 505 3312 forma
525 3248 623 3313 nostri
645 3248 718 3314 libri
741 3250 846 3332 colligi
879 3249 973 3315 debet
1006 3259 1228 3334 praeterquam
1261 3251 1345 3334 quod
1377 3250 1473 3315 etiam
1496 3271 1556 3315 nos

341 3368 503 3430 negamus,
526 3350 618 3414 Musa
639 3351 769 3434 puerilis
792 3352 819 3416 si
842 3352 905 3415 iam
927 3358 1001 3418 tune
1023 3351 1120 3434 priori
1143 3352 1302 3434 elegorum
1321 3351 1404 3437 parti
1425 3351 1556 3437 (ἐλεγεί-

342 3449 444 3535 ιυνα’)
468 3450 634 3517 subiuncta
655 3453 777 3533 fuisset,
801 3473 908 3517 eorum
932 3473 1010 3534 quos
1033 3452 1262 3520 nominavimus
1285 3474 1473 3537 quemquam
1497 3452 1555 3534 ita,

341 3559 374 3616 ut
395 3550 540 3635 vidimus,
563 3554 702 3636 potuisse
725 3552 864 3618 iudicare
887 3552 927 3618 dc
952 3552 1149 3636 Theognide.
1193 3556 1271 3622 lnde
1293 3575 1373 3638 quae
1388 3561 1557 3638 praeterea

342 3653 516 3735 eliciuntur,
539 3654 573 3718 in
594 3655 745 3720 arbitratu
768 3662 798 3719 et
821 3655 999 3720 coniectura
1021 3657 1124 3741 posita
1145 3679 1248 3741 neque
1281 3656 1344 3720 ulla
1373 3656 1435 3721 lide
1457 3655 1558 3740 digna

343 3764 424 3821 sunt.
480 3757 528 3819 Er
562 3758 660 3821 altero
682 3776 808 3841 genere,
832 3756 916 3839 quod
937 3757 1033 3840 plana
1055 3779 1093 3823 ac
1115 3756 1254 3822 dilucida
1276 3756 1379 3838 tradit,
1404 3779 1484 3823 unus
1506 3767 1558 3824 est

342 3857 534 3940 Athenaeus,
558 3858 609 3940 qui
633 3860 665 3922 u't
687 3879 749 3923 non
771 3858 874 3923 minus
897 3878 990 3941 quam
1013 3860 1106 3924 ceteri
1134 3867 1266 3924 testatur
1298 3858 1437 3925 carmina
1469 3882 1557 3925 ama·
1632 3945 1633 3950 ἵ

343 3957 424 4023 toria
445 3979 479 4024 se
502 3979 564 4024 non
588 3960 721 4042 novisse,
743 3958 789 4023 ita
811 3958 1002 4026 certissimus
1025 3967 1134 4026 auctor
1155 3959 1320 4025 habendus
1344 3969 1392 4027 est
1415 3962 1476 4026 iam
1493 3963 1558 4029 illis

343 4060 537 4143 temporibus
573 4059 693 4126 severis
730 4069 761 4125 et
797 4061 946 4144 gravibus
989 4061 1152 4128 sententiis
1188 4064 1287 4130 levius
1327 4064 1486 4144 quoddam
1523 4073 1558 4131 et

343 4161 506 4226 remissius
527 4161 578 4227 vel
600 4162 750 4228 lascivius
773 4183 872 4246 genus
895 4163 1052 4246 elegorum
1071 4165 1286 4231 intermixtum
1299 4164 1406 4247 fuisse,
1421 4165 1557 4232 formam

449 4299 483 4365 30λ
501 4301 534 4355 de
552 4298 640 4368 Regn.
659 4305 727 4355 oret.
745 4298 785 4354 11.
