3314 4670
777 183 976 248 ..10-

273 385 529 468 contemnendus,
553 395 584 451 et
599 386 770 451 testimonii
785 385 885 470 ipsius
901 385 1057 466 gravitate
1072 391 1168 466 atque
1183 384 1356 449 subtilitate
1373 385 1487 450 ceteris

272 494 423 570 praestat.
446 487 527 553 Sunt
548 495 654 553 autem
676 488 761 571 apud
780 486 912 554 Suidam
932 508 961 551 ν.
978 487 1111 564 Θέογνις
1126 488 1219 551 haec:
1236 486 1367 564 Θέογνις
1383 488 1488 564 Μεγα-

273 589 349 666 ρεὺς
370 589 436 653 τῶν
458 589 492 652 ἐν
512 591 636 673 Σικελίᾳ
655 590 813 668 Μεγάρων
833 590 975 666 γεγονὼς
990 589 1025 651 ἐν
1038 595 1076 672 τῇ
1093 585 1141 652 νθ’
1156 588 1329 666 ὀλυμπιάδι.
1346 588 1489 667 ἔγραψεν

273 681 414 764 ἐλεγείαν
429 690 475 767 εἰς
489 692 566 771 τοὺς
581 693 747 769 σωθέντας
761 695 827 754 τῶν
841 691 1050 768 Συρακοσίων
1066 691 1100 754 ἐν
1115 695 1152 773 τῇ
1169 690 1340 773 πολιορκίᾳ
1358 691 1488 769 γνώμας

274 787 313 852 δι’
334 790 474 869 ἐλεγείας
489 791 535 869 εἰς
550 792 608 870 έπη
633 797 689 872 βω
703 793 851 871 καὶπρὸς
867 794 988 872 Κύρνον
1002 793 1060 856 τὸν
1074 793 1173 856 αὑτοῦ
1190 793 1351 870 ἐρώμενον
1364 811 1487 870 γνωμο-

274 891 382 965 λογίαν
410 889 448 955 bt’
477 894 623 968 ἐλεγείων
649 895 700 957 καὶ
727 895 839 973 ἑτέρας
865 895 1030 972 ὑποθήκας
1059 894 1293 972 παραινετικὰς,
1321 894 1360 957 τὰ
1385 893 1486 957 πάντα

274 992 398 1072 ἑπικῶς.
429 1032 471 1054 .-
502 993 572 1058 Ὅτι
604 996 660 1072 μὲν
690 998 895 1074 παραινέσεις
927 997 1048 1074 έγραψε
1075 996 1216 1073 Θέογνις
1244 993 1311 1058 ἀλλ’
1339 996 1374 1060 ἐν
1401 997 1484 1078 μέσῳ

273 1095 396 1159 τούτων
428 1097 688 1174 παρεσπαρμένον
717 1099 834 1175 μιαρίαι
857 1100 908 1162 καὶ
929 1099 1066 1162 παιδικοὶ
1099 1098 1218 1176 ἔρωτες
1240 1098 1290 1160 καὶ
1312 1097 1402 1170 ἄλλα,
1426 1097 1486 1162 ὅσα

274 1196 293 1260 ὁ
316 1196 466 1275 ἐνάρετος
488 1197 724 1276 ἀποστρέφεται
748 1200 823 1278 βίος.

372 1301 454 1364 Ηίιιο
476 1307 610 1382 αμματω
630 1299 731 1366 fuisse
755 1301 828 1365 olim
852 1301 878 1366 si
901 1321 964 1365 non
986 1303 1162 1384 complures
1178 1299 1375 1383 Theognidis
1390 1301 1490 1367 libros

274 1401 397 1466 diverse
409 1402 587 1484 inscriptos,
612 1411 696 1466 certe
717 1402 892 1486 pleniorem
914 1402 1053 1484 aliquem
1077 1415 1107 1466 et
1129 1402 1323 1485 ampliorem,
1341 1423 1489 1468 uersuum

275 1503 359 1568 2800
380 1511 434 1566 aut
456 1504 548 1581 2806,
576 1503 601 1567 si
628 1514 713 1568 recte
740 1503 875 1569 coniecit
901 1503 1171 1585 sthoemannusq
1194 1525 1250 1586 pro
1274 1505 1392 1581 έπικῶς
1413 1505 1490 1568 scri·

272 1603 409 1669 bendum
432 1625 501 1670 esse
524 1605 582 1682 ἔπη
607 1604 686 1684 βως.

371 1707 496 1772 Deinde
518 1717 656 1772 veterem
679 1727 824 1771 versuum
847 1707 987 1770 ordinem
1010 1707 1105 1772 valde
1125 1709 1283 1772 turbatum
1299 1727 1370 1772 esse
1386 1716 1488 1773 certus

273 1809 362 1875 testis
385 1816 433 1874 est
455 1807 600 1894 Plato¹⁰),
625 1809 676 1889 qui
699 1807 773 1871 inde
796 1828 816 1871 a
837 1829 866 1872 v.
891 1810 930 1873 31
959 1829 1048 1890 seqq.
1078 1811 1185 1885 ὀλίγον
1213 1809 1350 1888 μεταβάς
1376 1809 1409 1873 in
1432 1829 1489 1875 suo

273 1914 343 1978 libri
371 1911 571 1994 Tlreognidei
599 1909 743 1992 exemplo
770 1908 849 1992 legit
874 1931 994 1993 versus,
1023 1911 1074 1993 qui
1104 1911 1137 1974 in
1159 1910 1275 1976 nostris
1298 1909 1489 1976 editionibus

273 2024 344 2082 sunt
375 2034 406 2077 v.
438 2015 501 2080 435
533 2033 622 2094 seqq.
676 2011 758 2076 lllud
792 2012 876 2076 enim
911 2012 1019 2087 ὀλίγον
1047 2014 1191 2093 μεταβὰς,
1222 2013 1282 2078 etsi
1310 2033 1402 2093 quarn
1425 2013 1488 2076 late

272 2124 389 2200 pateat,
423 2113 545 2178 definiri
579 2135 641 2179 non
677 2122 793 2198 potest,
830 2121 945 2194 tamen,
983 2113 1136 2197 quidquid
1168 2123 1278 2181 eontra
1315 2113 1487 2197 disputavit

275 2215 532 2300 Graefenhan¹¹),
555 2216 755 2282 manifestum
785 2226 833 2282 est
859 2217 1018 2300 pertinere
1041 2216 1082 2279 ad
1103 2217 1205 2280 minus
1227 2236 1321 2298 qnam
1343 2213 1487 2297 quadrin-

272 2327 434 2402 gentorum
457 2337 604 2383 versuum
628 2319 773 2402 spatium,
797 2317 881 2399 quod
904 2317 998 2382 hodie
1020 2316 1083 2381 illis
1106 2319 1269 2383 sententiis
1293 2318 1488 2384 interiectum

274 2429 333 2487 est.
356 2421 507 2485 Eiusdem
521 2419 567 2484 rei
583 2429 691 2486 auctor
706 2442 768 2486 non
784 2419 1032 2485 contemnendus
1049 2427 1153 2484 exstat
1168 2419 1254 2503 apud
1270 2419 1488 2500 Stobaeum'2)

275 2523 343 2588 sive
365 2523 542 2604 Xenophon
566 2521 632 2586 sive
654 2523 868 2603 Antisthenes,
886 2532 919 2585 ut
934 2520 1135 2604 Ber·gkius¹⁸)
1152 2520 1297 2602 coniecit,
1313 2523 1366 2602 qui
1380 2541 1490 2588 versus

277 2625 443 2691 tao-190
466 2623 511 2687 ait
533 2623 607 2687 olim
630 2623 663 2686 in
684 2623 774 2688 initio
796 2628 855 2700 τῆς
881 2622 1044 2699 ποιήσεως
1071 2621 1182 2687 fuisse.
1234 2623 1346 2702 ltaque
1371 2642 1411 2686 ex·
1434 2623 1489 2705 eis,

276 2747 356 2807 quae
383 2724 476 2789 modo
503 2724 673 2807 attulimus,
706 2725 850 2806 quamvis
877 2725 917 2788 de
940 2722 1070 2804 singulis
1102 2724 1202 2805 possit
1229 2723 1375 2805 dubitari,
1404 2731 1489 2790 certe

274 2826 352 2892 illud
375 2834 517 2910 apparet,
540 2826 638 2891 luisse
664 2826 738 2890 olim
764 2825 878 2890 librum
907 2823 1149 2906 Theognideum
1169 2825 1263 2905 longe
1286 2823 1446 2889 diversum
1469 2847 1490 2890 a

274 2938 390 3010 nostro,
412 2949 476 2993 non
497 2928 591 2993 modo
612 2927 783 3011 pleniorem
806 2933 837 2991 et
851 2927 1061 3009 integriorem,
1078 2925 1136 2990 sed
1151 2925 1213 2989 alio
1230 2925 1325 2989 etiam
1341 2944 1489 2992 versuum

275 3031 393 3094 ordino
449 3029 536 3094 Illius
570 3049 650 3111 quae
684 3028 786 3092 forma
817 3029 918 3108 fuerit,
949 3038 1119 3110 antequam
1142 3047 1340 3109 quaeramus,
1363 3027 1489 3094 videtur

275 3151 407 3198 necesse
430 3149 501 3196 esse
524 3129 564 3194 de
585 3129 685 3196 nostri
707 3130 808 3196 libelli
831 3130 1015 3196 condicione
1037 3149 1142 3212 agere.

374 3235 478 3314 Atque
501 3233 583 3296 hanc
605 3231 732 3315 quidem
756 3253 828 3297 esse
850 3233 1042 3314 farraginem
1065 3233 1134 3297 sive
1156 3230 1261 3312 aliquo
1282 3252 1359 3297 casu
1374 3229 1486 3296 contla-

274 3343 340 3399 tam
372 3334 482 3400 sivea
509 3338 711 3416 grammatico
748 3333 855 3416 aliquo
888 3334 975 3398 tenui
998 3341 1052 3398 aut
1070 3335 1157 3401 nullo
1189 3332 1308 3399 iudicio
1348 3332 1486 3412 undique

276 3457 434 3501 corrasam
457 3445 489 3500 et
511 3435 758 3500 consarcinatam
779 3436 874 3518 longe
896 3436 1022 3518 plurimi
1040 3436 1144 3502 adhuc
1159 3455 1344 3521 persuasum
1359 3433 1487 3498 habent.

276 3538 373 3603 Nulla
392 3537 490 3620 igitur
511 3537 657 3601 obstante
679 3537 841 3619 religione,
865 3557 935 3601 eum
958 3557 1049 3601 omne
1077 3538 1251 3618 consilium,
1275 3538 1325 3603 cui
1347 3544 1489 3604 vetustas

276 3638 435 3724 praesidio
459 3647 552 3721 esset,
574 3639 668 3722 plane
690 3638 804 3703 abesse
826 3660 846 3703 a
868 3648 976 3704 nostra
997 3640 1182 3705 collectione
1201 3647 1373 3723 putaretur,
1394 3640 1490 3706 exsti-

275 3738 478 3754 ..d—-

381 3777 403 3843 i)
425 3775 611 3840 „schediasma
638 3775 670 3830 de
698 3775 867 3842 Theognide“
897 3775 925 3829 in
953 3775 1071 3831 eiusdem
1098 3775 1232 3844 opusculis
1259 3777 1418 3832 academicis
1436 3775 1487 3830 vol.

275 3867 319 3922 Iv
336 3883 362 3934 p.
381 3868 424 3920 24.

365 3952 417 4020 .1⁰)
435 3953 523 4007 Meno.
541 3967 567 4018 p.
586 3953 620 4006 95
638 3951 671 4005 n.

381 4041 415 4108 11)
436 4039 586 4108 ,Theognis
604 4038 817 4108 lirecgnideud,
835 4039 977 4095 Mulhusee
996 4042 1064 4094 1827
1082 4054 1109 4105 p.
1127 4041 1161 4093 26
1180 4055 1253 4107 seqq.

381 4125 625 4195 1²)Lxxxvm,
647 4128 689 4180 14.

381 4216 414 4283 13)
436 4215 552 4279 ,Poetae
569 4214 646 4282 lyrici
664 4213 787 4282 Graeei“‚
806 4213 874 4268 Pars
892 4213 924 4267 11
948 4219 1041 4281 poetas
1069 4214 1202 4282 elegiacos
1230 4219 1258 4268 et
1285 4210 1489 4278 iarubographos

277 4304 426 4369 continens3
446 4304 491 4358 ed·
505 4302 552 4356 ΙΠ
570 4318 595 4369 ρ.
614 4305 675 4358 497.
