3314 4670
793 221 831 234 a.
878 165 897 252 5
942 150 981 236 ζ.

322 387 403 452 ἀλλὰ
424 389 463 452 τὰ
485 391 542 467 μὲν
564 389 760 468 ethabuerit
781 391 818 454 δὲ
840 389 1004 464 δεικνύναι,
1027 387 1107 455 ἄλλα
1129 392 1166 454 δὲ
1186 393 1290 456 ποιεῖν

320 489 348 552 τί
372 503 450 568 σφιν
472 491 629 570 χρήσηται
652 494 771 570 μοῦνος
794 491 1016 571 ἐπιστάμενος;

379 589 540 656 Summam
573 601 677 660 autem
710 593 808 658 animi
835 601 866 660 et
892 593 1012 677 ingenii
1044 595 1275 662 contentionem
1298 595 1331 659 in
1353 595 1406 660 illa
1428 602 1495 660 arte

280 713 351 758 eum
374 693 546 760 collocasse
568 695 779 778 intellegimus
801 715 830 760 v.
855 697 930 764 789:

321 795 453 873 Μήποτέ
474 819 526 876 μοι
547 799 706 877 μελέδημα
726 798 885 877 νεώτερον
906 798 985 862 ἄλλο
1007 799 1121 878 φανείη

322 903 388 971 ἀντ’
410 905 527 983 ἀρετῆς
549 899 670 979 σοφίης
685 897 711 963 τ’
725 903 788 963 κτλ.

377 1007 450 1072 Jam
471 1003 568 1086 igitur
590 1001 667 1066 illud
691 1001 894 1085 cognovimus
916 1022 979 1067 non
1001 1009 1066 1068 tam
1099 1008 1230 1068 externa
1263 1025 1360 1070 causa
1391 1004 1494 1070 Thec-

279 1107 408 1192 guidem
429 1105 473 1172 ad
493 1104 605 1190 poesin
628 1105 822 1189 compulsum
845 1123 927 1186 esse,
951 1125 1045 1187 quam
1068 1124 1124 1170 sno
1158 1105 1286 1189 ingenio
1320 1114 1351 1172 et
1382 1113 1494 1172 natura

279 1210 457 1290 deductum,
480 1215 511 1272 et
534 1205 618 1289 quod
640 1206 786 1271 omnibus
813 1205 926 1290 poetis
959 1204 1045 1272 idem
1077 1205 1122 1272 illi
1155 1208 1351 1293 propositum
1384 1208 1493 1292 fuisse,

278 1320 312 1378 ut
334 1311 405 1377 aliis
426 1308 603 1395 prodesset,
625 1307 703 1373 illud
724 1316 830 1374 autem
852 1308 1051 1390 alterumn
1083 1307 1266 1392 delectaret,
1300 1309 1385 1374 haud
1417 1310 1494 1393 scio,

279 1436 321 1480 an
342 1431 538 1496 nonaeque.
592 1410 657 1475 Sed
679 1431 719 1475 ne
742 1412 782 1474 ab
810 1411 870 1476 hcc
903 1409 1031 1492 quidem
1053 1410 1132 1476 eius
1164 1409 1325 1493 ingenium
1357 1411 1493 1478 alienum

279 1517 380 1582 fuisse
403 1515 518 1580 docent
539 1536 568 1578 ν.
592 1515 653 1578 237
675 1532 774 1596 seqq,
798 1513 850 1576 uhi
871 1512 974 1578 laudis
995 1511 1142 1595 poeticae
1164 1510 1233 1576 καθ’
1266 1512 1402 1578 Ἑλλάδα
1434 1519 1494 1592 γῆν

279 1616 483 1700 pervulgatae
498 1614 647 1697 gaudium
668 1613 824 1696 significat
840 1621 871 1678 et
887 1615 994 1697 elegos
1009 1634 1082 1679 suos
1098 1612 1196 1697 Cyrni
1211 1615 1336 1680 nomine
1350 1615 1493 1698 insignes

278 1719 309 1783 in
332 1716 484 1782 conviviis
507 1716 628 1780 cantari
650 1715 809 1798 gloriatur.
864 1716 987 1780 Tamen
1020 1715 1164 1780 utilitatis
1198 1718 1378 1783 afferendae
1399 1719 1493 1800 longe

277 1820 440 1905 praevalet
463 1819 635 1884 consilium.
659 1855 699 1865 -

377 1920 538 2005 Deinceps
561 1921 728 2002 quaeritur,
753 1919 803 1984 cui
826 1919 1017 1986 carminibus
1030 1920 1096 1987 suis
1116 1920 1267 2005 prodesse
1282 1921 1426 2004 voluerit,
1444 1922 1493 1987 cui

277 2023 474 2108 potissimum
497 2023 580 2086 vitae
602 2029 782 2106 praecepta,
804 2043 884 2104 quae
904 2023 1061 2106 plerisque
1077 2023 1266 2108 carminibus
1281 2024 1491 2106 continentur,

278 2124 511 2208 conscripserit.
558 2125 597 2188 Et
612 2123 827 2205 Welokerus²)
843 2125 969 2206 quidem
983 2125 1136 2190 nobilium
1151 2126 1222 2190 filiis
1237 2146 1307 2190 eum
1323 2123 1490 2206 scripsisse

278 2233 386 2290 censet
409 2233 440 2290 et
462 2225 663 2292 demonstrat.
708 2225 773 2294 Sed
795 2227 961 2292 audiamus
984 2236 1111 2311 poetam
1132 2228 1248 2311 ipsum!

377 2328 414 2391 In
435 2327 589 2411 principio
611 2328 721 2408 libelli,
745 2328 798 2408 qui
823 2337 936 2410 exstat,
959 2351 988 2394 v.
1012 2332 1052 2394 27
1075 2349 1141 2410 seq.
1166 2329 1283 2412 scripta
1305 2335 1377 2394 sunt
1401 2326 1491 2391 haec:

319 2431 375 2493 Σοὶ
398 2427 488 2504 δ’ἐγὼ
511 2429 546 2494 εὖ
570 2431 719 2509 φρονέων
741 2429 952 2510 ὑποθήσομαι,
976 2430 1109 2508 οἷάπερ
1132 2431 1237 2508 αὐτός,

248 2607 251 2612 ¹
321 2528 412 2608 Κύμη
434 2529 497 2594 ἀπὸ
519 2535 584 2595 τῶν
607 2531 736 2607 ἀγαθῶν
757 2535 833 2609 παῖς
856 2530 898 2595 ἔτ’
921 2534 985 2597 ἐὼν
1007 2533 1133 2611 ἔμαθον.

376 2631 499 2697 Similia
520 2623 654 2714 legimus
676 2655 705 2698 v.
732 2635 825 2700 1049:

319 2733 375 2796 Σοὶ
398 2731 490 2808 δ’ἑγὼ
512 2733 566 2798 οἷά
587 2755 621 2797 τε
643 2736 729 2798 παιδὶ
750 2737 854 2814 πατὴρ
877 2736 1080 2816 ὑποθήσομαι
1102 2739 1201 2817 αὐτὸς
1217 2739 1317 2804 ἐσθλά
1328 2742 1390 2802 κτλ.

376 2835 481 2919 Cyrno
504 2836 600 2919 igitur
614 2837 762 2901 carmina
782 2858 840 2902 sua
861 2839 987 2922 scripsit
1009 2840 1180 2922 Theognis,
1204 2841 1405 2923 Cymumque
1427 2847 1491 2904 tam

277 2957 373 3021 saepe
385 2937 562 3019 alloquitur,
578 2945 612 3002 ut
625 2939 691 3003 eius
705 2959 819 3004 nomen
834 2940 960 3006 omnino
977 2941 1160 3024 vseptuagies
1176 2942 1279 3006 sexies
1294 2943 1325 3005 in
1340 2940 1490 3023 reliquiis,

276 3059 357 3121 quae
379 3046 513 3122 exstant,
535 3040 721 3104 inueniatur.
765 3041 836 3118 Qua
868 3044 1059 3128 apostrophe
1082 3041 1123 3106 ad
1151 3041 1290 3124 Cyrnum
1320 3062 1375 3106 cur
1396 3049 1491 3126 poeta

276 3161 353 3206 usus
376 3141 426 3220 sit,
450 3141 490 3206 dc
511 3141 572 3205 hac
593 3162 627 3206 rc
649 3144 811 3225 praeclare
834 3143 1066 3228 Welohe1·us³):
1089 3143 1164 3224 „qui
1183 3142 1269 3227 apud
1283 3143 1399 3227 lyricos
1415 3163 1491 3224 quc-

277 3263 339 3323 que
370 3250 492 3326 poetas,
526 3243 636 3326 inquit,
670 3245 803 3310 obtinuit
834 3267 912 3327 mos,
946 3252 980 3309 ut
1009 3245 1109 3309 antico
1133 3243 1248 3309 blande
1272 3242 1489 3328 compellando

277 3345 416 3429 speciem
439 3344 597 3425 quandam
619 3345 666 3410 rei
687 3367 751 3411 non
772 3347 864 3412 fictae
887 3346 944 3412 sed
965 3367 1060 3412 verae
1083 3345 1253 3429 efficerent,
1277 3368 1339 3431 qua
1352 3344 1489 3409 maxime

276 3453 418 3513 moretur
450 3447 590 3528 affectus,
621 3447 672 3512 vel
699 3468 761 3530 quo
782 3449 900 3512 vellent
922 3448 1026 3513 animo
1049 3469 1144 3514 sensa
1159 3469 1217 3514 sua
1240 3448 1350 3531 excipi,
1374 3445 1490 3528 signifi·

276 3555 392 3629 carent,
417 3547 507 3629 quasi
529 3569 592 3613 non
614 3547 806 3614 alienissimo
830 3549 941 3632 cuique
965 3550 1022 3614 sed
1044 3551 1154 3617 amicis
1176 3558 1296 3616 tantum
1313 3548 1490 3632 penetralia

276 3650 412 3734 pectoris
445 3649 632 3732 aperientes,
656 3654 692 3716 ds
722 3651 887 3734 gnomicae
917 3651 1007 3735 poesi
1029 3651 1132 3734 magis
1155 3652 1249 3718 etiam
1272 3649 1489 3716 conveniebat.

275 3751 421 3835 Mitigata
442 3750 524 3815 enim
543 3771 602 3834 per
620 3760 772 3836 paternae
788 3752 1031 3817 benevolentiae
1059 3753 1318 3836 significationem
1341 3771 1490 3835 praecep-

276 3861 376 3918 torum
399 3854 569 3919 severitate
591 3853 714 3921 facilius
736 3853 792 3918 illa
814 3875 849 3919 se
871 3855 903 3918 in
929 3855 1079 3920 iuvenum
1107 3855 1227 3919 animos
1254 3853 1490 3918 insinuabant.“

230 3985 231 3988 ¹
275 3954 363 4019 Idem
384 3954 477 4038 paulo
499 3955 583 4020 infra
605 3956 700 4019 aliam
722 3977 796 4037 rem,
813 3975 894 4038 quae
909 3956 971 4020 huc
985 3956 1131 4039 pertinet,
1147 3957 1192 4020 ita
1207 3955 1360 4040 explicat:
1377 3951 1489 4038 „Quod

183 4123 185 4132 ,
275 4057 436 4138 Theognis
458 4056 550 4120 simul
569 4057 669 4140 patris
684 4057 776 4120 simul
790 4056 940 4122 amatoris
956 4057 1102 4121 affectum
1116 4077 1192 4140 erga
1208 4057 1345 4142 Cyrnum
1359 4055 1408 4118 hic
1424 4052 1489 4116 illic

278 4177 481 4188 .....——-

380 4211 659 4278 onip.xxnn

379 4297 671 4365 or.np.nxxvn
