3314 4670
672 193 861 258 -9-

154 396 228 462 libri
250 415 325 461 mss.
348 395 584 480 propinquitate
606 396 689 460 inter
715 415 749 461 se
783 393 942 460 coniuncti
976 393 1049 475 sint,
1083 391 1145 458 hoo
1166 392 1374 482 Nietzsohri')

155 503 321 564 stemmate
355 497 454 562 oculis
488 496 668 574 subiciatur,
691 497 725 561 in
748 516 810 579 quo
834 494 934 578 signis
957 495 988 558 X
1011 493 1051 578 X,
1075 493 1127 568 X,
1156 493 1292 579 codices,
1316 497 1371 579 qui

154 599 327 684 perierunt,
350 604 509 664 notantur:

360 687 680 990 lx
900 841 942 1008 l

655 1095 681 1229 h

653 1247 684 1380 l

955 1543 968 1577 2
992 1499 1139 1585 interpol.

256 2113 386 2178 Praeter
408 2134 473 2195 eos,
498 2134 578 2195 quos
600 2115 694 2179 modo
716 2113 958 2196 nominavimus,
980 2111 1079 2178 libros
1102 2132 1176 2178 mss.
1194 2110 1235 2175 ad
1251 2116 1376 2176 contex-

156 2221 222 2278 tum
232 2214 305 2278 libri
316 2214 515 2296 Theognidei
531 2213 783 2280 constituendum
799 2235 862 2280 non
877 2215 966 2298 parvi
982 2213 1132 2279 momenti
1148 2220 1197 2278 cst
1208 2211 1375 2293 Stobaeus,

158 2313 212 2392 qui
233 2315 273 2380 56
295 2314 381 2382 locos
404 2315 601 2400 Theognidis
624 2318 750 2380 nomme
773 2323 900 2384 ornatos
923 2315 1025 2397 affert,
1049 2315 1082 2379 in
1098 2315 1147 2380 his
1163 2320 1298 2396 quatuor
1312 2313 1375 2378 dis-

158 2413 244 2479 ticha
276 2419 317 2498 (v.
353 2420 497 2484 1157-53
531 2427 562 2484 et
594 2439 624 2483 vu
661 2418 852 2504 tuat-26),
876 2437 958 2498 quae
990 2417 1022 2481 in
1043 2417 1126 2482 nullo
1150 2415 1219 2481 eod.
1242 2435 1299 2480 ms.
1322 2435 1375 2480 cx.

157 2522 251 2598 stant,
275 2538 403 2600 quorum
426 2539 482 2584 sex
504 2539 614 2586 versus
637 2521 758 2604 primus
780 2519 868 2584 Elias
892 2518 1055 2600 Vinctum)
1080 2517 1213 2582 editioni
1227 2519 1374 2600 vulgatae

155 2617 310 2684 adiunxit.
355 2619 493 2702 Vulgata
514 2629 621 2686 autem
644 2622 743 2687 editio
766 2642 786 2685 a
809 2619 877 2685 cod.
901 2620 925 2684 O
949 2621 1048 2704 petita
1070 2627 1126 2702 est,
1151 2626 1235 2684 ocrte
1258 2618 1375 2683 Aldina

154 2721 302 2805 princeps
337 2721 444 2803 editio,
477 2743 559 2804 quae
581 2723 698 2807 prodiit
722 2745 750 2788 a.
776 2723 857 2788 1495
880 2743 952 2788 eum
974 2721 1115 2787 codicem
1137 2721 1226 2805 typis
1249 2740 1375 2804 expres·

155 2843 224 2888 sum
256 2824 413 2906 praebuit.
472 2825 661 2890 Mutinensis
700 2825 768 2891 cod.
802 2824 967 2908 scripturis
999 2823 1118 2907 primus
1153 2843 1227 2890 usus
1261 2830 1311 2888 cst
1342 2823 1376 2888 in

158 2924 294 2991 editione
328 2947 385 2991 sua
417 2926 446 2991 J.
475 2926 841 3010 Behker,Lips.1815.
886 2925 952 2991 Sed
974 2926 1053 2990 haec
1076 2924 1116 2989 de
1138 2925 1238 3007 libris,
1261 2925 1375 3008 quibus

158 3034 283 3091 servata
317 3035 398 3110 sunt,
433 3048 514 3110 quae
547 3029 827 3112 Theognideorum
861 3027 902 3093 ad
934 3037 1044 3093 nostra
1076 3034 1218 3110 tempora
1254 3045 1376 3092 manse-

158 3133 241 3210 runt,
264 3129 341 3194 satis
364 3130 436 3195 sint.

259 3228 348 3307 Quae
370 3239 476 3297 autem
492 3239 618 3298 servata
633 3241 714 3314 sunt,
731 3253 795 3296 non
811 3249 884 3296 esse
899 3231 1057 3314 integrum
1072 3217 1270 3313 Theognidis
1285 3249 1375 3313 opusc,

156 3331 226 3415 ipso
248 3330 452 3411 reliquiarum
475 3334 632 3418 adspectu
655 3333 861 3416 cognoscitur,
886 3353 956 3396 cum
979 3332 1083 3398 nullus
1106 3340 1160 3397 aut
1181 3352 1283 3396 rerum
1299 3329 1375 3396 ordo

158 3441 310 3518 appareat
332 3441 386 3498 aut
407 3442 584 3519 temporum
607 3437 687 3500 ratio
711 3443 866 3518 cernatur,
890 3455 953 3516 qua
982 3435 1109 3517 singula
1130 3435 1212 3499 inter
1235 3453 1270 3497 se
1292 3452 1377 3498 nexa

159 3543 248 3618 putes
272 3544 303 3600 et
326 3536 499 3602 absurdum
531 3538 679 3603 videatur
712 3545 850 3603 statuere
872 3558 893 3602 a
914 3543 1010 3621 poeta
1031 3537 1103 3621 ipso
1125 3544 1189 3600 tam
1210 3535 1377 3600 confusum

160 3655 236 3719 opus
264 3639 425 3705 eonditum
460 3659 529 3704 esse
558 3649 612 3704 aut
645 3660 727 3723 quae
761 3639 901 3704 eiusdem
935 3638 1086 3722 temporis
1118 3638 1168 3703 vel
1200 3637 1378 3719 argumenti

159 3730 283 3822 fuerint,
307 3741 346 3808 de
370 3740 527 3806 industria
549 3741 673 3807 divulsa
696 3749 727 3806 et
748 3741 782 3804 in
797 3740 957 3824 publicum
973 3739 1060 3806 edita
1075 3759 1156 3805 esse.
1199 3737 1289 3803 Idem
1305 3759 1377 3804 con·

156 3841 295 3906 firmatur
327 3843 456 3910 disertis
489 3849 631 3908 veterum
665 3843 852 3926 scriptorum
880 3841 1078 3908 testimoniis.
1127 3843 1231 3923 Atque
1258 3841 1377 3923 primus

157 3944 208 4009 hio
230 3945 408 4010 nominetur
430 3945 555 4028 Suidas,
579 3942 633 4026 qui
664 3944 722 4008 etsi
755 3964 819 4008 non
851 3942 1089 4024 antiquissimus
1122 3949 1172 4009 est
1204 3950 1376 4024 auctorum,

157 4052 262 4111 tamen
285 4055 316 4112 et
337 4053 467 4132 propter
489 4047 710 4112 auctoritatem
733 4065 850 4126 eorum,
874 4045 989 4126 quihus
1010 4045 1080 4129 ipse
1103 4045 1220 4127 nititur,
1244 4050 1377 4110 nonest

262 4219 284 4286 7)
304 4220 333 4274 in
350 4219 420 4274 Mus.
440 4219 527 4276 Rhcu.
546 4221 615 4274 Nou.
634 4218 731 4286 XXII,
752 4220 812 4273 166.

265 4307 287 4373 ⁸)
306 4307 442 4376 Theognis
461 4307 507 4363 Gr.
527 4314 556 4366 et
572 4311 635 4364 Lat.
655 4325 677 4363 o.
696 4309 740 4363 El.
760 4307 855 4363 Vineti
873 4306 987 4362 scholiis.
1024 4307 1086 4362 Par.
1124 4309 1201 4363 1543.
1219 4311 1244 4362 4.
