3314 4670
627 196 829 260 ...49-

222 403 331 485 ltaque
365 420 435 468 eum
469 399 529 464 hoe
558 396 721 465 eonsilium
744 397 852 464 inesse
873 417 1036 482 negemus,
1060 418 1130 464 oum
1153 396 1217 462 alia
1238 395 1336 462 multa

118 504 160 570 de
182 513 288 570 nostro
310 502 391 568 libro
419 501 654 586 negaverimusr
680 499 814 566 forsitan
840 499 908 565 iure
936 507 1116 583 quaeratur,
1147 497 1335 580 quidnobis

117 605 263 671 videatur
285 605 325 668 de
348 603 488 684 oonsilio,
511 601 551 667 de
572 601 706 685 pristina
727 601 838 683 forma,
862 602 901 666 de
924 601 1116 686 temporibus
1143 600 1225 666 libri.
1270 597 1336 664 Sed

118 707 194 790 quid
216 707 413 772 oonieeturas
446 705 694 788 persequamur?
751 703 786 768 si
818 723 1017 786 quemquam,
1051 721 1108 768 nos
1141 702 1335 786 potissimum

118 809 220 890 deest,
244 808 297 892 qui
318 805 353 870 id
375 806 475 872 secuti
497 826 615 887 saurus,
639 811 672 870 ut
705 804 946 870 ostenderemus
979 805 1077 870 multa
1110 803 1215 886 dubia,
1239 803 1338 870 multa

118 909 271 993 ambigua
303 928 374 974 esse
406 907 439 974 iu
473 907 641 976 sententiis
678 906 928 974 doctissimorum
965 906 1109 986 virorum,
1144 925 1266 988 navers,
1296 925 1336 969 ne

119 1011 301 1095 opinionum
326 1019 357 1075 et
380 1009 628 1076 eonieeturarum
651 1010 765 1076 molem
789 1029 972 1094 augeamus.

539 1649 927 1744 Excursus.

122 1819 275 1921 Quem
290 1787 706 1922 loeumu'heognis
721 1819 775 1900 in
790 1819 1042 1922 republica
1057 1817 1334 1900 obtinuerit.

224 2040 303 2106 Oum
335 2049 418 2108 totus
451 2041 518 2106 fere
551 2043 714 2126 Theognis
745 2042 826 2106 liber
857 2041 899 2105 ad
926 2062 992 2105 rem
1021 2040 1180 2124 publioam
1203 2047 1335 2122 speetet‚

121 2143 205 2226 quod
227 2143 346 2227 primns
368 2142 506 2209 dilueide
529 2142 758 2209 demonstravit
783 2143 982 2222 Welekerns,
1004 2161 1068 2206 non
1090 2141 1227 2205 alienum
1251 2139 1337 2204 vide·

119 2253 169 2309 tur
191 2265 267 2336 are
288 2245 451 2329 proposita
472 2251 504 2309 et
517 2265 588 2309 -uon
610 2243 698 2329 parvi
721 2244 870 2310 momenti
894 2244 936 2310 ad
958 2243 1097 2308 earmina
1116 2251 1201 2308 reete
1216 2243 1337 2308 intelle-

122 2347 228 2428 genda
250 2365 411 2429 quaerere,
435 2365 529 2427 quem
551 2346 603 2410 ille
627 2347 730 2412 loeum
752 2345 786 2411 in
806 2367 841 2411 re
863 2345 992 2430 publiea
1014 2345 1191 2428 liegareusi
1214 2345 1337 2409 obtinu-

123 2448 190 2530 erit,
213 2447 346 2512 fueritne
367 2467 449 2513 unus
472 2447 511 2512 de
533 2448 649 2529 multis,
672 2449 735 2531 qui,
758 2457 793 2513 ut
815 2448 882 2513 fere
911 2447 954 2529 fit,
978 2447 1211 2513 commodorum
1233 2447 1338 2512 simili-

122 2549 232 2616 tudine
253 2551 334 2615 inter
355 2570 389 2614 se
411 2549 570 2616 eoniuueti
592 2549 736 2632 alieuius,
760 2549 814 2634 qui
838 2548 991 2614 emineret
1005 2547 1132 2630 ingenio
1148 2556 1179 2612 et
1194 2548 1336 2630 oonsilio,

120 2659 228 2737 partes
261 2659 379 2718 temere
409 2660 623 2734 sequerentur,
651 2672 693 2716 an
714 2651 742 2718 is
764 2651 865 2732 fuerit,
889 2651 942 2732 qni
963 2651 1033 2735 ipse
1057 2671 1148 2716 suum
1172 2650 1338 2716 eonsilium

120 2752 163 2818 ad
185 2775 251 2819 rem
273 2752 432 2837 publioam
465 2751 748 2818 administrandam
781 2754 908 2818 afferret
941 2762 972 2818 et
1004 2753 1122 2835 aliquid
1149 2752 1181 2816 in
1209 2752 1336 2817 eivitate

120 2855 249 2920 valeret.
1146 2841 1148 2846 ⁸

224 2955 496 3024 Prasmoneudum
529 2964 633 3032 autem
667 2956 802 3039 videtur,
835 2977 897 3041 quo
930 2957 1040 3022 melius
1073 2962 1236 3039 appareat,
1273 2975 1337 3040 qua
1370 2969 1373 2976 ⁴

122 3055 298 3122 rationein
320 3058 380 3123 hae
402 3059 588 3140 quaestione
610 3059 801 3124 instituenda
822 3068 955 3139 utamur,
978 3057 1153 3140 complures
1174 3056 1259 3123 loeus
1276 3059 1336 3124 hue

120 3156 292 3240 pertinere,
314 3159 375 3241 qui,
398 3158 549 3225 sisoium
572 3161 670 3226 verba
702 3161 864 3244 respieias,
892 3169 957 3225 tam
978 3160 1042 3224 late
1063 3168 1203 3242 pateant,
1226 3169 1260 3225 ut
1281 3161 1335 3226 ali-

121 3258 202 3341 quid
224 3257 264 3324 de
286 3257 352 3324 vita
373 3269 427 3326 aut
449 3262 565 3327 virtute
586 3262 771 3346 praecipere
802 3263 979 3343 videantur,
1012 3261 1070 3326 sed
1102 3261 1129 3326 si
1162 3281 1233 3325 eum
1265 3261 1337 3328 aliis

120 3362 278 3428 similibus
300 3361 470 3428 eontuleris
493 3370 525 3428 et
546 3383 683 3447 quanam
711 3363 743 3428 in
770 3384 803 3428 re
826 3364 921 3448 positi
944 3365 1015 3444 sint,
1040 3383 1103 3444 qua
1124 3361 1220 3426 animi
1241 3365 1337 3429 ali'ee-

119 3463 205 3529 tione
227 3485 247 3529 a
270 3472 366 3549 poeta
387 3465 495 3549 seripti
518 3465 589 3547 sint,
622 3485 704 3547 quae
726 3465 890 3531 reeondita
913 3465 1069 3531 sententia
1090 3465 1124 3528 in
1156 3463 1194 3529 iis
1226 3465 1335 3549 lateat,

119 3565 303 3650 perspicere
325 3566 493 3647 studueris,
516 3573 620 3632 certas
641 3585 693 3632 res
707 3567 752 3633 ibi
766 3568 889 3652 respioi,
904 3577 1006 3632 eertos
1024 3566 1177 3648 quosdam
1192 3566 1337 3634 homines

118 3666 295 3748 significari
328 3668 424 3732 iaeile
455 3665 632 3751 intelleges,
666 3668 790 3735 etiamsi
812 3669 940 3736 nomina
962 3690 1024 3736 rron
1047 3679 1336 3739 commemorentur.

225 3769 320 3835 Ouius
342 3767 607 3834 dissimulationis
628 3769 736 3835 variae
751 3792 867 3837 causae
883 3779 1015 3855 possunt
1030 3772 1175 3854 eogitari:
1196 3777 1228 3836 et
1243 3771 1337 3838 inter-

117 3869 222 3934 fuisse
244 3869 379 3936 fortasse
402 3877 526 3956 poetae,
547 3877 582 3935 ut
603 3891 697 3954 quam
720 3873 848 3938 minime
864 3871 1039 3937 olienderet
1058 3893 1122 3956 eos,
1143 3894 1242 3957 penes
1257 3893 1337 3956 quos

117 3981 197 4038 tune
218 3969 384 4054 imperium
407 3979 483 4054 erat,
517 3977 550 4036 et
580 3971 737 4037 interdum
771 3995 842 4040 eum
869 3972 947 4037 illud
971 3974 1086 4056 egisse,
1109 3974 1135 4040 si
1157 3995 1250 4058 quam
1272 3996 1338 4041 rem

118 4093 186 4140 non
208 4077 328 4157 aperte,
352 4071 410 4137 sed
431 4092 490 4158 per
511 4075 663 4158 ambages
692 4075 910 4158 significasset,
932 4085 966 4140 ut
988 4076 1097 4142 amieis
1120 4077 1264 4160 oonsoiis,
1286 4077 1341 4161 qui

121 4176 275 4259 legerent,
300 4173 392 4258 quasi
414 4173 530 4239 nodum
553 4175 711 4260 quendam
731 4176 915 4253 soluendum
930 4176 1129 4261 relinqueret,
1145 4199 1205 4260 qno
1221 4178 1339 4244 maiore

121 4273 326 4344 affluerentur
347 4276 521 4364 voluptate.
564 4277 673 4346 Omnis
696 4279 775 4346 haee
797 4299 848 4346 res
871 4277 1065 4365 probabilior
1088 4279 1131 4372 lit,
1153 4279 1181 4346 si
1195 4285 1340 4347 tenemus
