3314 4670
832 142 1034 206 ,40-

369 340 483 417 Σιοκρ.
518 341 558 403 ἐν
590 335 723 418 ἄλλοις
756 343 796 406 δέ
828 361 869 418 γε
903 340 1034 418 ὀλίγον
1063 337 1228 421 μεταβὰς
1261 339 1288 406 εἰ
1310 337 1377 418 δ’ἠν
1398 337 1551 424 ποιητόν,

412 440 501 520 φησί,
524 442 575 504 καὶ
598 441 726 506 ἔνθετον
748 442 840 521 ἀνδρὶ
860 443 972 522 νόημα,
996 443 1079 519 λέγει
1101 462 1171 519 πως
1191 441 1239 505 ὅτι
1253 444 1394 520 πολλοὺς
1417 441 1456 505 ἂν
1475 454 1551 518 μισ-

412 543 491 620 θοὺς
516 544 566 607 καὶ
589 543 746 623 μεγάλους
773 545 892 625 ἔφερον
919 545 949 608 οἱ
976 543 1144 622 δυνάμενοι
1183 547 1278 608 τοῦτο
1310 545 1454 623 ποιεῖνθῦ)
1482 544 1551 604 κτλ.

451 645 499 708 De
523 644 637 726 quibus
660 665 731 709 oum
753 666 844 712 nemo
873 647 1032 730 copiosius
1060 652 1091 710 et
1117 645 1220 711 insius
1241 642 1424 710 disseruerit
1447 643 1552 708 Leut-

327 745 424 828 sohio,
447 766 509 811 non
532 746 670 811 alionum
702 745 827 812 videtur
855 750 897 813 ab
922 746 1066 814 instituto
1099 752 1206 812 nostro
1238 746 1371 831 primam
1403 745 1553 810 breviter

328 865 500 930 exponere,
534 866 616 929 quae
648 846 701 911 ille
733 848 808 914 hino
830 849 967 932 collegit,
999 848 1116 914 deinde
1146 847 1320 932 adiungere
1346 865 1428 930 quae
1450 845 1552 911 nobis

326 945 479 1013 videntur.
535 947 624 1026 Quae
657 956 763 1014 autem
794 949 880 1034 apud
914 950 1116 1016 Leutschium
1161 949 1373 1032 compluribus
1418 946 1551 1032 loeis³⁶)

326 1049 482 1132 leguntur,
505 1050 564 1115 snb
586 1071 648 1115 uno
672 1059 804 1135 aspectu
825 1051 929 1135 posita
950 1051 1030 1118 haec
1052 1057 1139 1116 sunt:

340 1153 367 1216 1.
391 1149 502 1216 Fuisse
525 1150 665 1217 Platonis
686 1154 880 1238 temporibus
901 1151 1014 1219 librum
1037 1150 1288 1236 Theognideum,
1321 1147 1377 1232 qui
1408 1147 1547 1232 inserip-

389 1257 440 1316 tus
463 1259 548 1316 esset
570 1253 699 1328 ἐλεγεῖα.

339 1354 367 1415 2.
390 1353 470 1418 llum
502 1353 617 1418 librum
649 1355 890 1421 discernendum
923 1375 994 1421 esse
1027 1357 1068 1421 ab
1098 1356 1197 1422 altero
1227 1353 1370 1418 eiusdem
1393 1351 1544 1434 auctoris,

389 1455 558 1538 qui.vulgo
581 1458 722 1537 (auctore
745 1457 859 1542 Suida)
883 1457 1083 1535 γνωμολογίοι
1105 1457 1189 1535 πρὸς
1212 1455 1333 1533 Κύρνον
1354 1453 1544 1535 nominetur,

391 1545 524 1642 abipso
553 1565 659 1622 autern
688 1558 843 1636 ὑποθῆκαι
875 1559 1046 1643 inscriptus
1080 1559 1128 1640 sit,
1164 1556 1248 1638 quod
1279 1557 1485 1639 intellegatur
1507 1578 1543 1621 en

392 1659 489 1723 verbo
513 1658 715 1737 ὑποθήσομαι
738 1663 780 1742 (ν.
804 1661 870 1742 27).
1367 1647 1373 1658 ’

338 1761 366 1854 3:
389 1758 522 1837 Librum
540 1759 627 1825 illurn
648 1758 795 1836 ἐλεγείων
817 1760 906 1826 varia
928 1761 1067 1825 carmina
1090 1760 1288 1844 complexum
1306 1779 1388 1842 esse,
1411 1779 1531 1844 quornm

354 1858 361 1877 “
392 1860 527 1944 singulis
549 1881 607 1926 sua
630 1869 661 1925 et
681 1862 810 1945 propria
830 1870 1017 1943 argumenta
1039 1869 1155 1944 essent,
1179 1862 1306 1927 diversa
1327 1881 1347 1924 a
1368 1861 1487 1925 vicinis.

337 1964 369 2028 4.
391 1963 428 2026 ln
450 1961 562 2026 eodem
583 1962 679 2047 paulo
701 1970 773 2044 post
794 1982 824 2026 ν.
848 1965 889 2029 38
912 1963 1060 2047 scriptum
1084 1963 1184 2028 fuisse
1206 1985 1234 2028 ν.
1257 1964 1329 2028 434.
1617 2045 1618 2056 ¹

338 2065 367 2130 5.
391 2063 555 2142 Quomodo
587 2063 620 2127 in
654 2062 814 2146 publicum
841 2063 959 2148 scripta
986 2084 1044 2130 sua
1067 2064 1203 2130 ediderit
1226 2064 1389 2147 Theognis
1408 2063 1456 2128 vel
1477 2063 1534 2126 lroc

390 2167 577 2232 Leotschius
601 2165 729 2249 expedit
750 2173 867 2250 putans
888 2165 1063 2231 sententias
1083 2170 1149 2230 tum
1164 2167 1271 2250 plures
1286 2173 1352 2231 tum
1367 2164 1532 2251 pauciores,

392 2287 462 2332 eum
493 2265 567 2331 viva
601 2287 678 2332 voce
711 2267 844 2332 recitata
866 2278 980 2350 essent,
1008 2268 1050 2333 ab
1071 2267 1142 2351 ipso
1166 2267 1316 2334 collectas
1339 2277 1371 2333 et
1393 2268 1425 2332 in
1442 2265 1538 2330 libelli
1617 2335 1618 2338 γ

390 2368 524 2434 formam
546 2367 702 2452 redactas,
727 2367 892 2453 prodiisse.

222 2508 226 2516 ·
337 2475 367 2538 6.
390 2470 535 2554 Denique
558 2492 597 2536 ne
620 2469 698 2537 illud
731 2469 860 2554 quidem
892 2470 1080 2554 relinquitur
1112 2472 1153 2536 ab
1188 2491 1235 2553 eo,
1260 2469 1313 2554 qui
1336 2470 1412 2536 ordo
1437 2467 1541 2534 carmi·

390 2594 464 2638 num
501 2573 533 2637 in
570 2573 634 2638 illis
667 2572 785 2638 libellis
807 2571 924 2646 inerit.
990 2573 1055 2638 Sed
1088 2573 1140 2638 hie
1172 2573 1338 2638 audiamus
1379 2568 1537 2656 ipsumz³³l

390 2675 433 2740 Es
456 2675 577 2758 folgten
598 2675 666 2740 siolr
682 2674 827 2739 Gnomen
842 2670 1076 2739 veschiedenen
1091 2675 1248 2758 Umfangs
1263 2674 1339 2740 bald
1355 2671 1537 2756 dialogisoh,

389 2776 466 2841 bald
488 2776 622 2860 einzeln3
645 2777 691 2840 sie
713 2775 844 2841 worden
866 2776 1095 2842 unterbrochen
1115 2777 1215 2843 dureh
1239 2785 1385 2859 grbssere
1401 2775 1544 2859 Elegien,

391 2877 467 2943 bald
489 2898 531 2942 an
550 2876 664 2942 Gotter
685 2877 866 2961 gerichtete,
890 2877 965 2942 bald
988 2899 1029 2943 an
1050 2878 1207 2961 Freunde,
1230 2877 1306 2944 bald
1328 2877 1410 2942 ohne
1432 2875 1547 2960 irgend

390 2980 460 3045 eine
493 2979 708 3064 Apostrophe:
741 2979 809 3044 Aul
832 2979 939 3045 solehe
966 2981 1070 3046 Messe
1097 2981 1239 3047 konnten
1260 2979 1382 3044 wieder
1402 2978 1548 3043 kleinere

390 3081 507 3164 folgen,
531 3082 649 3146 ebenso
672 3082 733 3147 wie
754 3082 867 3147 vorher
889 3083 1042 3165 geordoet
1064 3086 1119 3166 (an
1140 3084 1283 3166 legamus
1310 3079 1547 3164 ungeordnetl)

391 3184 467 3249 oder
488 3184 522 3248 in
545 3183 632 3249 einer
653 3184 793 3250 anderen
814 3185 932 3266 Weise,
955 3185 1014 3252 auf
1033 3185 1120 3249 diese
1144 3183 1229 3250 dann
1252 3193 1396 3268 grbssere
1419 3201 1450 3248 n.
1473 3203 1501 3246 s.
1525 3183 1549 3246 t'.

390 3285 509 3368 Habes,
542 3292 628 3369 puto,
662 3286 829 3368 imaginem
861 3285 951 3352 istius
980 3286 1053 3352 libri
1079 3288 1148 3352 luce
1176 3285 1348 3367 clariorem,
1377 3283 1435 3348 sod
1464 3284 1549 3366 luce,

391 3407 511 3470 vereor,
543 3385 667 3453 nebulis
701 3389 811 3455 offusa.
873 3389 957 3454 Nam
989 3409 1045 3473 pro
1078 3388 1137 3470 his,
1167 3408 1247 3471 quae
1269 3388 1323 3454 ille
1347 3385 1481 3468 collegit,
1506 3405 1550 3449 ex

389 3499 502 3554 nature
524 3498 555 3555 et
578 3488 763 3555 condicione
790 3509 949 3572 versuum,
973 3489 1081 3572 quiin
1104 3497 1211 3556 nostro
1235 3490 1314 3555 libro
1337 3489 1419 3574 inter
1440 3486 1549 3550 Plato-

392 3590 480 3657 nicos
502 3591 575 3656 illos
597 3590 683 3655 locos
706 3589 883 3674 interpositi
905 3599 986 3673 sunt,
1010 3612 1114 3657 nonne
1136 3592 1250 3658 melius
1274 3591 1347 3674 luit,
1369 3611 1431 3656 uno
1446 3589 1547 3654 verbo

390 3701 488 3758 totam
510 3713 576 3757 rem
599 3691 763 3757 absolvere
785 3693 949 3776 libereque
971 3693 1109 3778 profiteri
1125 3695 1243 3760 nullum
1259 3693 1385 3760 omnino
1402 3690 1547 3756 ordinem

390 3795 423 3859 in
456 3791 609 3859 eiusmodi
643 3792 749 3860 libello
777 3794 874 3860 fuisse
897 3801 951 3860 ant
974 3802 1057 3861 certe
1083 3795 1225 3878 intellegi
1247 3816 1310 3859 non
1332 3793 1450 3876 posse?
1484 3792 1546 3869 Qui

390 3895 474 3988 enim
497 3894 548 3960 hic
571 3893 744 3959 carminum
766 3895 842 3960 ordo
865 3894 907 3960 ad
929 3898 1108 3982 exemplum
1128 3916 1285 3979 versuum,
1302 3914 1380 3978 qnos
1396 3893 1544 3976 diximus,

389 4019 409 4062 a
430 3995 602 4062 Leutsohio
620 3996 778 4080 profertur
800 4005 831 4064 et
853 3997 1049 4084 describitur,
1074 3999 1141 4082 quis
1165 4005 1223 4082 est,
1246 3997 1300 4082 qui
1330 3996 1364 4061 in
1386 4016 1424 4061 eo
1446 3995 1544 4060 ullam

429 4124 451 4157 ³⁶
482 4119 601 4186 Theogn.
620 4121 680 4172 435.
693 4134 773 4186 seno
