3314 4670
813 199 1017 264 ..50-

306 427 369 472 non
391 405 494 488 magis
517 403 737 486 Theognidem
758 422 850 484 quam
874 408 1004 484 eeteros,
1028 403 1080 486 qui
1099 401 1225 484 quidem
1244 401 1276 464 in
1290 399 1400 464 eodem
1415 397 1527 464 earmi-

306 529 380 574 num
403 527 520 592 genere
544 505 786 585 elaboraverint,
803 504 985 586 Tyrtaeum,
1002 504 1167 585 Callinum,
1184 503 1331 567 Solonem
1346 499 1527 565 deleetandi

307 609 405 674 animi
428 615 483 674 aut
505 607 582 672 artis
606 605 803 670 exercendae
828 625 923 669 eausa
946 607 1084 670 earmina
1106 605 1221 670 feeisse
1238 605 1296 670 sed
1311 622 1436 686 semper
1458 601 1528 666 fere

309 719 429 777 eertrrm
452 709 574 792 aliquid
596 713 722 772 seeutos
746 726 816 771 esse
840 727 963 771 omnem
986 714 1084 770 artem
1108 707 1141 770 in
1163 706 1230 770 vita
1252 715 1283 771 et
1303 725 1361 770 usu
1376 723 1480 768 rerum
1497 709 1529 766 et

308 813 341 876 in
363 833 397 877 re
419 813 548 895 publiea
570 816 735 894 ponentes.
791 808 873 874 Illud
907 809 1000 891 enim,
1029 808 1149 892 opinor,
1177 810 1216 874 iis
1239 827 1425 894 persuasum
1447 812 1529 886 erat,

309 915 407 979 multo
430 913 553 978 faeilius
578 933 659 994 sese,
683 931 745 994 quo
769 911 895 992 vellent,
919 911 1071 996 populum
1099 909 1214 976 duoere
1245 930 1339 996 posse
1362 905 1533 972 dulcedine·

310 1029 342 1082 et
362 1014 524 1080 blanditiis
557 1033 715 1094 versuum,
751 1033 845 1096 qnam
879 1012 906 1076 si
938 1012 1078 1096 pedestri
1095 1012 1246 1078 'oratione
1274 1017 1443 1078 uterentur.
1487 1012 1531 1072 At

309 1118 404 1202 plane
426 1117 487 1180 hoe
508 1118 541 1181 in
564 1115 784 1197 Theognidem
807 1134 869 1178 non
893 1115 1048 1194 convenit,
1072 1136 1145 1179 nam
1168 1135 1237 1178 eum
1259 1114 1316 1196 illi,
1340 1134 1419 1196 quos
1434 1113 1531 1177 modo

310 1218 552 1300 nominavimus,
576 1238 724 1299 magnam
747 1217 917 1280 1111111111
950 1223 1082 1299 partem,
1113 1237 1194 1299 quae
1217 1216 1259 1280 ad
1280 1235 1346 1279 rem
1369 1214 1531 1298 publieam

310 1325 477 1404 pertinent,
502 1318 748 1401 eonseripserint
771 1318 845 1382 elati
867 1327 898 1382 et
919 1316 1022 1382 inflati
1045 1318 1239 1384 eonseientia
1259 1317 1393 1400 vigentis
1409 1316 1531 1399 gratiae

311 1421 483 1505 popularis,
506 1420 557 1484 hio
579 1427 729 1502 quantum
752 1439 809 1484 111
837 1420 965 1502 quidem
991 1420 1145 1502 videmus,
1173 1429 1227 1484 aut
1255 1427 1365 1483 vetera
1386 1426 1532 1502 tempora

313 1529 442 1586 aeeusat
465 1541 636 1605 eorumque
660 1521 825 1586 audaeiam
849 1530 944 1604 atque
967 1524 1183 1604 temeritatem,
1206 1543 1226 1584 a
1249 1522 1364 1604 quibus
1387 1520 1531 1585 omnibus

312 1625 404 1689 bonis
432 1629 463 1688 et
486 1643 520 1686 re
544 1623 687 1686 familiari
723 1623 865 1706 privatus
897 1624 946 1706 sit,
975 1631 1038 1705 aut,
1068 1625 1123 1688 ubi
1150 1624 1191 1689 de
1214 1645 1247 1690 re
1270 1625 1406 1709 publiea,
1431 1623 1528 1706 qualis

313 1734 379 1790 turn
402 1732 478 1807 erat,
502 1725 693 1789 mentionem
714 1723 792 1788 faeit
822 1733 852 1788 et
885 1726 1136 1792 inimicissimum
1171 1747 1205 1791 11
1236 1728 1373 1803 ostendit
1397 1727 1453 1808 eis,
1474 1725 1524 1806 qui

313 1837 379 1892 tum
401 1829 497 1892 rebus
520 1826 763 1909 Megarensibus
786 1835 964 1910 praeerant,
987 1849 1047 1892 nee
1068 1849 1207 1910 unquam
1231 1829 1400 1912 quidquam
1414 1826 1524 1911 populo

313 1928 507 2013 persuadere
541 1927 657 2008 studet,
692 1947 762 1991 enm
795 1930 922 2010 amissa,
957 1950 1019 2012 qna
1041 1930 1116 1994 olim
1138 1930 1262 1994 videtur·
1284 1928 1435 2011 floruisse,
1459 1947 1530 1992 aue-

315 2031 441 2095 toritate
463 2029 525 2092 iam
547 2028 625 2092 nibil
646 2030 777 2095 valeret.
821 2031 862 2094 Et
884 2031 945 2095 bae
966 2032 998 2094 in
1020 2052 1054 2096 re
1077 2031 1182 2117 posita
1198 2039 1246 2096 est
1261 2052 1378 2113 magna
1392 2029 1531 2094 intellec-

315 2145 365 2198 tus
399 2131 579 2212 diffieultas,
615 2132 690 2214 quia
722 2153 785 2197 non
819 2133 909 2213 quasi
942 2133 975 2196 in
1008 2134 1077 2198 foro
1110 2133 1151 2198 ad
1181 2133 1362 2198 universum
1380 2129 1531 2214 populum

317 2236 415 2300 verba
431 2233 523 2314 taeit,
547 2232 604 2296 sed
627 2233 668 2296 ad
691 2255 786 2298 unum
810 2255 844 2299 se
868 2236 1020 2299 eonvertit
1041 2234 1228 2299 familiarem
1249 2234 1394 2317 aliquem,
1409 2239 1439 2294 et
1454 2229 1533 2310 quia

318 2357 357 2400 ea
379 2334 530 2416 oratione,
554 2354 635 2416 quae
658 2334 762 2400 faeilis
786 2344 871 2401 esset
893 2337 934 2399 ad
956 2336 1215 2419 intellegendum,
1231 2338 1277 2401 uti
1292 2337 1426 2402 nullane
1442 2353 1534 2416 eoge-

229 2484 231 2488 -
318 2439 420 2519 batur,
442 2437 493 2502 vel
514 2437 560 2500 ita
575 2436 711 2502 eonfisus
727 2437 794 2502 fore
810 2443 844 2501 ut
858 2445 943 2502 reete
959 2440 1001 2504 ab
1016 2439 1127 2505 amieis
1141 2440 1384 2522 intellegeretur.
1420 2439 1535 2520 llagna

320 2561 360 2604 ex
381 2547 472 2624 parte
493 2539 549 2604 illa
571 2539 751 2604 obseuritas
773 2539 907 2604 fortasse
935 2561 972 2604 eo
1007 2542 1140 2607 orationi
1172 2543 1417 2623 immiseebatur,
1451 2540 1531 2622 quod

319 2661 444 2725 semper
465 2641 625 2705 hominem
647 2640 731 2704 vitae
755 2649 786 2704 et
808 2642 853 2705 rei
875 2643 1022 2726 publieae
1054 2644 1278 2726 peritissimum
1312 2644 1453 2725 gerebat,
1482 2640 1528 2722 qui

319 2743 353 2807 id
374 2742 573 2827 potissimum
596 2748 714 2823 ageret,
737 2749 771 2805 ut
794 2763 834 2806 ex
857 2751 946 2808 tanta
973 2745 1065 2829 eopia
1090 2765 1203 2827 rerum,
1232 2764 1311 2826 quas
1333 2745 1403 2827 ipse
1427 2761 1531 2828 exper-

320 2851 370 2909 tus
394 2853 487 2924 esset,
511 2843 581 2907 11111
604 2844 780 2926 prodesset.
825 2845 894 2922 Quo
917 2845 951 2910 fit
973 2867 1139 2930 persaepe,
1155 2855 1189 2912 ut
1205 2867 1286 2929 quae
1302 2847 1404 2912 obiter
1420 2844 1535 2929 legenti

320 2945 447 3010 laudem
480 2944 614 3010 alieuius
647 2946 779 3010 vertutis
813 2948 973 3013 eontinere
1007 2948 1161 3032 videntur,
1189 2971 1228 3014 11
1258 2949 1426 3030 diligenter
1447 2947 1538 3012 nobis

322 3048 547 3130 quaerentibus
585 3046 701 3130 optime
734 3047 767 3110 in
800 3068 865 3112 rem
889 3051 1049 3133 publieam
1077 3052 1245 3116 convenire
1281 3051 1453 3115 verisimile
1490 3049 1539 3113 sit.

320 3151 434 3232 ltaque
469 3168 538 3213 eum
570 3148 645 3212 bine
677 3148 761 3212 male
794 3170 833 3213 ea
865 3151 1067 3235 intellegendi
1095 3152 1243 3236 pericula
1261 3153 1454 3234 immineant,
1477 3172 1541 3216 non

322 3251 444 3315 minora
475 3252 595 3315 instant
627 3248 726 3332 illin03
760 3259 791 3314 et
821 3253 914 3318 nobis
938 3255 965 3318 si
987 3256 1067 3318 torte
1090 3254 1251 3338 1111111111,
1275 3263 1309 3321 ut
1332 3256 1364 3319 in
1386 3255 1435 3336 iis,
1459 3274 1542 3337 quae

323 3358 508 3434 sequuntur,
543 3350 715 3432 aliquando
748 3353 932 3420 aberremus
963 3355 1002 3420 de
1026 3363 1111 3420 reeta
1133 3357 1194 3439 via,
1218 3358 1281 3422 iam
1305 3365 1400 3422 antea
1421 3357 1543 3421 oranda

324 3461 372 3518 est
394 3453 501 3534 venia3
525 3452 604 3516 nihil
627 3451 710 3516 enim
733 3452 858 3520 facilius
892 3457 1017 3539 aeeidit,
1048 3479 1142 3541 quam
1169 3468 1203 3525 ut
1225 3461 1257 3523 in
1279 3469 1343 3524 tarn
1366 3461 1487 3524 ineerta
1510 3467 1554 3524 et·

325 3554 424 3619 dubia
445 3575 479 3618 re
502 3555 649 3640 opinione
670 3554 823 3619 labamur.

426 3659 472 3720 Ae
493 3657 628 3740 primum
652 3655 777 3736 quidem
811 3658 852 3721 ab
875 3659 1124 3728 administranda
1145 3683 1180 3726 re
1203 3664 1330 3746 publiea
1357 3669 1388 3726 et
1410 3666 1541 3730 summis

326 3758 465 3825 eonsiliis
486 3757 625 3842 publicis
648 3777 720 3821 eum
743 3777 806 3821 non
829 3759 966 3825 alienum
989 3763 1088 3831 fuisse
1110 3765 1212 3850 ipsius
1236 3764 1421 3830 senissimis
1436 3768 1541 3832 verbis

325 3867 457 3926 constat.
502 3859 710 3924 Confirmatur
734 3867 840 3925 autem
862 3863 998 3946 primum
1020 3868 1070 3931 bis
1093 3867 1237 3932 versibus
1262 3869 1336 3952 (947
1360 3867 1456 3952 seqq:

368 3963 513 4040 Πατρίδα
535 3961 699 4038 κοσμήσω,
723 3964 858 4040 λιπαρὴν
879 3966 980 4038 πόλιν,
1004 3967 1071 4032 οὐτ’
1094 3969 1144 4031 ἐπὶ
1166 3969 1256 4052 δήμῳ

368 4065 492 4142 τρέψας
514 4060 580 4126 οὔτ’
602 4061 722 4140 ἀδίκοις
745 4063 879 4142 ἀνδράσι
901 4070 1099 4148 πειθόμενος.

428 4163 513 4241 Quid
535 4165 614 4229 haee
636 4163 697 4228 sibi
720 4164 828 4248 velint,
851 4172 965 4252 quibus
988 4180 1097 4256 aperte
1119 4171 1285 4254 indicatur,
1308 4191 1371 4253 qua
1392 4170 1446 4235 ille
1468 4173 1541 4236 rati-

327 4286 387 4331 one
409 4275 441 4330 11
463 4266 594 4331 oonsilio
617 4267 649 4332 in
671 4269 813 4351 regenda
831 4293 865 4338 re
887 4275 1013 4360 publiea
1034 4294 1149 4340 usurus
1171 4275 1220 4356 sit,
1236 4274 1295 4340 nisi
1310 4281 1455 4357 putamus
1478 4281 1541 4340 tum
