3314 4670
609 242 649 257 -
689 205 813 314 357.

100 407 290 494 Theognide
323 416 355 474 et
387 401 563 494 Phoeylide
591 408 716 493 seripsit
747 409 894 492 Oyrillus:
925 407 1186 488 ,,ουγγεγράφασι
1209 410 1317 472 δὲκαὶ

100 515 194 580 αὐτοί
217 512 417 596 (Φωκυλίδης
439 518 471 575 et
493 511 639 593 Θέογνις)
661 516 867 590 χρηστομαθῆ
891 512 969 590 ψιλὰ
996 513 1046 574 καὶ
1078 511 1317 590 κεκομψευμένα

102 615 202 680 ὁποῖά
223 636 280 692 περ
303 610 342 678 ἂν
375 614 427 678 καὶ
458 614 559 677 τίτθαι
587 614 707 691 κορίοις
736 614 786 676 καὶ
820 615 880 691 μὴν
912 613 963 676 καὶ
994 615 1190 689 παιδαγωγοὶ
1222 617 1318 692 φαῖεν

104 719 145 782 ἂν
166 721 392 794 νουθετοῦντες
413 717 453 780 τὰ
475 714 645 794 μειράκια.”
689 714 781 792 Quod
803 716 852 778 hio
881 715 1018 798 (lyrillus
1052 714 1127 779 ‹lioit
1159 715 1318 798 Theogni-

104 821 166 885 dea
186 825 261 903 apta
284 839 356 884 esso
379 817 541 884 nutrieulis
565 825 596 882 et
617 817 724 900 pueris
747 817 880 900 pusillis,
904 816 973 898 quis
1002 815 1076 880 inde
1111 836 1181 881 oum
1213 819 1318 882 Nietz-

104 921 191 988 sohio
225 921 356 1002 colligat
389 918 484 984 alium
517 925 614 1000 atque
645 926 785 984 nostrum
819 919 933 982 librum
967 917 1206 1001 Theognideum
1234 919 1265 983 ei
1285 919 1319 984 in

101 1022 252 1088 manibus
274 1021 392 1086 fuisse?
435 1020 514 1098 Quis
536 1041 598 1084 uon
621 1019 718 1102 videt,
743 1039 811 1084 oum
834 1019 909 1084 illud
931 1018 971 1084 de
994 1019 1156 1086 nutrioulis
1185 1042 1318 1085 comme-

99 1131 251 1206 moraret,
274 1123 352 1200 nihil
374 1123 461 1188 aliud
484 1143 555 1186 eum
578 1122 716 1186 voluisse
740 1121 916 1205 exprimere
938 1121 1001 1185 nisi
1023 1122 1130 1188 neseio
1155 1121 1232 1202 quid
1248 1143 1319 1188 oon-

100 1224 286 1310 templionis
308 1232 403 1309 atque
426 1224 569 1290 fastidii?
614 1223 684 1300 Qua
706 1222 740 1286 in
761 1243 795 1286 re
818 1243 887 1286 eum
909 1224 1008 1307 ipsius
1031 1225 1115 1288 baud
1130 1225 1226 1289 dubie
1241 1224 1320 1288 nihil

103 1330 273 1393 interesset
305 1349 415 1394 verum
447 1327 563 1408 dieere,
598 1324 675 1405 quid
708 1330 764 1408 est,
799 1345 854 1390 our
885 1345 943 1389 nos
976 1325 1044 1390 eius
1071 1326 1177 1391 verbis
1200 1333 1320 1391 tantum

104 1431 301 1496 tribuamus?
345 1431 386 1494 Et
408 1429 477 1514 ipse
499 1427 702 1493 Nietzsolrius
725 1426 800 1490 mihi
823 1427 949 1490 ridetur
971 1447 1059 1492 suem
1076 1428 1319 1510 argumentatio-

104 1553 177 1596 nem
199 1531 376 1614 debilitare,
401 1551 469 1596 oum
493 1531 593 1612 affert,
617 1549 698 1610 quae
722 1528 856 1612 Cyrillus
879 1529 940 1592 elio
964 1529 1032 1593 looo
1056 1528 1095 1592 de
1115 1530 1229 1594 sabulis
1246 1531 1320 1596 deo-

104 1655 171 1698 rum
195 1635 389 1700 Graecorum
419 1631 507 1696 dioit:
532 1631 552 1694 ἃ
574 1633 624 1694 καὶ
646 1631 745 1694 τίτθαι
773 1633 868 1708 φαῖεν
891 1631 930 1694 ἂν
953 1631 1034 1707 ἴσως
1056 1631 1095 1693 τὰ
1117 1635 1320 1696 δυσπνοῦντα

101 1740 168 1798 τῶν
191 1739 323 1815 βρεφῶν
345 1733 379 1798 εὖ
404 1733 485 1813 μάλα
508 1737 694 1810 κατακηλεῖν
725 1733 973 1799 σπουδάζουσα.
1029 1731 1100 1796 Non
1133 1731 1235 1814 magis
1268 1732 1321 1796 hie

103 1859 202 1920 quam
234 1837 300 1902 illio
330 1837 406 1900 lieet
438 1856 510 1900 eum
542 1835 640 1899 verbo
672 1855 823 1918 premere,
858 1855 927 1899 oum
961 1834 1037 1898 talio
1069 1854 1220 1917 usurpare
1249 1855 1320 1899 oon·

107 1938 250 2004 suevisse
271 1937 424 2004 videatur.
479 1939 563 2021 Ergo
590 1957 743 2018 negemus
771 1937 944 2018 quidquam
967 1936 1070 2018 eolligi
1093 1955 1188 2018 posse
1211 1935 1319 2018 exiis,

108 2059 189 2122 quae
210 2039 326 2106 Juliani
349 2045 402 2104 aut
425 2039 535 2122 (lyrilli
559 2039 759 2121 seripserunt.
814 2039 897 2102 Nem
924 2059 987 2102 non
1014 2037 1145 2102 dubium
1167 2044 1223 2118 est,
1247 2039 1320 2118 quin

104 2143 229 2224 utrique
251 2142 284 2206 in
307 2140 476 2207 seribendo
499 2148 620 2204 tantum
652 2139 838 2204 adumbrata
872 2139 1039 2222 quaedam,
1073 2155 1136 2204 non
1169 2158 1322 2222 expressa

103 2243 302 2326 Theognidis
323 2243 430 2324 imago
454 2243 623 2307 obversata
645 2243 694 2322 sit,
719 2249 750 2306 et
773 2241 899 2307 omnino
928 2262 1051 2324 oenseo,
1079 2261 1162 2323 quae
1184 2240 1230 2304 ita.
1250 2260 1321 2323 pro-

103 2347 247 2410 feruntur·
268 2365 332 2410 non
355 2343 464 2408 dedita
486 2365 592 2428 opera,
618 2341 676 2410 sed
698 2352 732 2410 ut
753 2352 876 2428 tempus
899 2349 929 2408 et
956 2344 1079 2408 oooasio
1102 2343 1172 2426 sert,
1196 2363 1259 2408 non
1282 2362 1322 2406 ea

106 2467 178 2512 esse
200 2446 243 2510 ari
263 2447 367 2509 vivum
389 2445 573 2510 resecanda.

207 2546 271 2612 Sed
294 2547 322 2612 si
343 2547 376 2610 in
397 2546 560 2612 Welokeri
582 2555 613 2612 et
635 2545 809 2611 Nietzsohii
831 2554 947 2630 partes
960 2546 1149 2629 transgressi
1177 2546 1322 2611 oonoedi-

100 2669 173 2714 mus
196 2669 299 2732 neque
321 2650 480 2716 ,lulianum
513 2669 617 2731 neque
646 2648 798 2732 Oyrillum
820 2650 902 2714 huno
925 2649 1071 2732 syllogen
1092 2646 1222 2729 vidisse,
1246 2646 1321 2729 quid

100 2750 229 2816 tandem
253 2751 468 2837 profecimus?
512 2753 563 2816 Ne
585 2751 629 2816 ita
652 2749 779 2831 quidem
802 2750 908 2814 onmia
930 2751 1025 2833 plana
1047 2757 1141 2832 etque
1163 2749 1322 2831 explicata

102 2859 185 2916 sunt.
227 2853 329 2918 Novis
353 2859 386 2917 et
407 2853 504 2917 multo
526 2852 697 2916 maioribus
719 2851 917 2935 implicamur
939 2850 1189 2932 difficultatibus
1204 2848 1321 2914 nedum

105 2953 169 3016 illis
192 2955 370 3018 auotoribus
393 2960 535 3018 veterem
557 2952 631 3016 libri
654 2953 879 3034 condicionem,
903 2953 1067 3034 qualisque
1083 2951 1175 3016 fuerit
1191 2951 1321 3034 sylloge,

104 3073 342 3135 oognosoamus.
386 3055 539 3140 Superest
562 3055 644 3120 enim
667 3055 765 3137 testis,
788 3062 822 3118 ut
836 3054 915 3118 mihi
931 3053 1056 3135 quidem
1072 3053 1205 3133 videtur,
1229 3051 1321 3116 huius

100 3161 234 3220 nostrae
256 3155 448 3220 oolleotionis
471 3163 502 3220 et
523 3156 727 3238 gravissimus
751 3164 782 3219 et
808 3163 912 3220 oet-ate
946 3155 1007 3220 illis
1042 3154 1193 3237 superior,
1212 3152 1323 3217 'Athe-

99 3275 213 3321 naeus.
259 3257 301 3320 At
321 3257 405 3320 idem
425 3277 445 3322 a
466 3257 649 3322 Nietzsohio
673 3264 703 3321 et
725 3257 895 3322 Welokero
918 3257 1009 3321 testis
1037 3255 1207 3319 adhibetur
1239 3253 1324 3336 „for-

102 3379 175 3423 mae
197 3357 271 3423 libri
294 3379 314 3422 a
335 3364 441 3424 nostro
465 3379 617 3442 perquam
641 3353 820 3424 dive1·sae.“
868 3357 934 3422 Sed
957 3366 1126 3440 antequam
1149 3356 1189 3420 de
1210 3356 1321 3419 horum

106 3460 263 3524 sententie
286 3458 489 3543 disseramus,
512 3461 679 3526 audiemus
702 3461 819 3544 ipsum!
864 3459 989 3544 Soripta
1012 3467 1116 3524 autern
1139 3465 1210 3523 sunt
1237 3456 1322 3541 opud

106 3561 220 3646 euml)
242 3561 336 3626 haee:
381 3563 452 3639 περὶ
472 3564 596 3627 τούτων
619 3564 720 3642 φησὶν
747 3560 984 3640 Ἀρχέστρατος
1007 3561 1024 3623 ὁ
1048 3565 1112 3623 τῶν
1141 3558 1323 3638 ὀψοφάγων

103 3658 255 3740 Ἡσίοδος
275 3665 294 3741 ἢ
319 3663 460 3740 Θέογνις.
483 3663 523 3740 ἦν
535 3666 571 3727 δὲ
594 3665 644 3727 καὶ
667 3665 685 3728 ὁ
708 3664 841 3740 Θέογνις
852 3664 923 3739 περὶ
943 3662 1146 3738 ἡδυπάθειαν,
1163 3661 1208 3738 ὡς
1224 3661 1323 3737 αὐτὸς

98 3763 180 3841 περὶ
202 3764 408 3844 αὺτοῡ.φησὶ
439 3766 492 3828 διὰ
523 3766 656 3830 τούτων.
690 3766 880 3852 (sequuntur
908 3785 935 3830 ν.
959 3763 1164 3848 eur-1002)
1187 3763 1264 3826 οὐδὲ
1285 3762 1322 3825 τὸ

97 3869 329 3942 παιδεραστεῖν
360 3867 565 3930 ἀπαναίνεται
587 3869 605 3931 δ
629 3869 738 3947 σοφὸς
771 3867 877 3944 οὗτος.
911 3866 994 3941 λέγει
1020 3869 1106 3941 γοῦν.
1135 3865 1324 3949 (sequuntur

96 3991 128 4036 ν.
154 3969 328 4048 993—96).
370 3967 421 4032 Ad
445 3988 525 4050 quoe
549 3989 619 4034 eum
641 3967 827 4034 Welokerrrs
851 3967 986 4053 dioitffl)
1013 3986 1186 4051 „perquam
1209 3986 1229 4028 a
1250 3984 1322 4029 nos·

96 4079 148 4138 tro
174 4069 335 4134 diversam
367 4069 465 4135 fuisse
498 4071 589 4136 istius
621 4071 693 4135 libri
725 4071 867 4153 formem,
901 4071 976 4152 quie
997 4070 1192 4151 Athenaeus,
1216 4067 1269 4149 qui
1290 4065 1323 4128 iri

211 4225 244 4292 ²⁸)
262 4225 322 4280 VH
339 4242 365 4294 p.
385 4229 437 4281 310
456 4224 492 4278 A.

210 4311 244 4378 ²⁷)
261 4313 390 4381 Prolegg.
409 4330 435 4380 p.
454 4312 587 4368 LXXVI.
