3314 4670
806 191 1008 277 40..

401 392 495 458 Nunc
516 393 672 475 quoniam,
696 414 902 478 quaecunque
925 394 1063 478 adrem,
1091 395 1131 460 dc
1153 413 1216 478 qua
1237 394 1369 478 agimus,
1384 404 1516 480 possunt

300 493 418 576 1616111,
442 514 481 558 cx
503 495 649 563 universo
672 496 752 562 libro
774 502 900 581 praeter
923 497 1062 562 66116166
1091 496 1251 578 amatoria,
1275 498 1515 584 6166116616-

299 598 534 680 666116166161,
557 598 772 683 excerpsimus
796 598 980 662 6166116616
1008 599 1108 664 oculis
1139 599 1337 682 subiecimus,
1365 603 1515 683 sequitur,

299 708 333 765 ut
354 699 493 767 breviter
515 699 760 784 complectamur
781 699 947 783 animoque
969 710 1159 785 reputemus,
1183 701 1259 784 quid
1278 721 1317 765 ea
1333 702 1516 768 collectione

300 797 454 866 efficiatur
475 800 517 864 ad
538 809 681 866 naturam
705 800 983 885 condicionemque
1006 802 1078 867 libri
1101 804 1362 888 cognoscendam.
1405 805 1515 887 ltaque

301 924 369 970 cum
394 905 477 970 1220
497 923 617 984 161666,
641 902 817 986 dequibus
840 905 1055 986 quaestionem
1085 904 1286 987 instituimus,
1310 905 1427 971 16345
1450 926 1515 970 661-

300 1006 384 1071 61166
417 1005 624 1086 diviserimus,
659 1004 801 1070 vidcmus
835 1026 904 1069 cum
936 1007 1079 1090 proxime
1112 1007 1371 1073 antecedentibus
1395 1028 1516 1072 conexa

300 1129 371 1176 6666
396 1109 465 1190 186,
489 1107 595 1172 616616
617 1107 684 1170 1616
706 1107 845 1190 paribus,
868 1128 971 1192 pauca
993 1108 1148 1174 similibus
1170 1109 1284 1191 verbis,
1302 1111 1395 1174 61148
1412 1117 1516 1174 661616

300 1209 499 1290 carminibus,
524 1228 604 1291 quae
628 1217 734 1274 carent
759 1209 979 1274 coniunctione
1002 1231 1071 1275 cum
1094 1211 1364 1294 antecedentibus,
1386 1213 1426 1276 29
1447 1233 1516 1296 661-

300 1315 399 1378 tinere
422 1310 464 1376 ad
485 1311 695 1394 insequentia,
717 1312 749 1374 in
773 1312 811 1377 19
835 1332 926 1376 omne
947 1313 1113 1377 verborum
1139 1313 1297 1378 vinculum
1331 1313 1515 1381 desiderari.

300 1415 389 1492 Quae
412 1412 546 1496 denique
568 1413 691 1496 reliqua
713 1419 785 1478 sunt
808 1415 864 1479 111
891 1414 1040 1493 66161166,
1065 1416 1110 1479 116
1133 1435 1203 1480 6661
1225 1417 1421 1500 praegressis
1445 1426 1516 1483 sunt

301 1516 475 1596 coniuncta,
499 1521 533 1578 ut
555 1513 738 1598 plerumque
761 1536 866 1598 66616,
889 1515 991 1581 161166
1019 1516 1090 1599 duo,
1124 1518 1292 1599 aliquoties
1325 1518 1418 1602 plura
1451 1539 1516 1584 car-

299 1620 383 1684 mina
405 1616 590 1701 interposita
612 1615 684 1697 sint,
707 1615 877 1682 admodum
899 1637 970 1682 raro
993 1619 1087 1682 etiam
1110 1639 1206 1683 666111
1227 1640 1342 1684 661666
1368 1621 1516 1704 Polypat-

301 1722 361 1786 dae
383 1726 438 1784 661
460 1717 557 1802 Cyrni
579 1738 636 1804 616
664 1719 788 1784 1166616
822 1719 965 1784 videatur
998 1720 1179 1786 habendum
1213 1743 1293 1788 esse.
1349 1722 1515 1790 Nonnullis

299 1823 378 1889 16616
399 1830 495 1887 16666
516 1821 683 1885 verborum
706 1819 866 1885 vinculum
888 1822 1023 1904 paritate
1046 1831 1101 1888 aut
1122 1824 1325 1890 similitudine
1341 1826 1514 1892 sententiae

298 1927 446 1992 firmatur.
473 1923 554 1989 Sunt
576 1920 712 2004 denique
727 1922 751 1985 ii
762 1923 832 2004 loci,
845 1923 958 2005 quibus
971 1945 1040 1988 cum
1054 1924 1146 2008 paria
1159 1926 1314 1992 vocabula
1328 1946 1391 1991 non
1403 1927 1513 2010 desint,

301 2029 359 2097 scd
381 2026 494 2112 spatiis
513 2025 605 2091 sclito
629 2023 833 2108 amplioribus
854 2025 1046 2109 dirimantur,
1064 2027 1265 2093 statuendum
1279 2028 1421 2095 111166161
1434 2032 1509 2113 6116-

299 2133 400 2197 116661
434 2128 575 2196 ordinem
606 2131 677 2190 csse
711 2125 849 2191 deletum
883 2137 913 2192 et
945 2149 1056 2194 161666
1090 2129 1240 2195 disiectos
1261 2151 1320 2195 666
1342 2139 1439 2197 tamen
1461 2129 1504 2193 ita

299 2235 392 2317 longe
415 2253 435 2297 a
457 2231 524 2297 suis
545 2230 622 2295 locis
643 2237 790 2311 remotos,
814 2236 848 2293 ut
869 2229 973 2294 adbuc
995 2239 1178 2296 remaneant
1199 2238 1293 2296 notae
1312 2233 1425 2300 1616116
1438 2252 1502 2316 616-

298 2333 484 2420 pinquitatis
517 2333 611 2397 valde
644 2330 844 2414 conspicuae.
900 2333 983 2416 Ergo
1014 2333 1046 2396 in
1068 2333 1155 2398 nulla
1173 2335 1239 2399 1616
1262 2335 1333 2400 libri
1356 2342 1445 2421 parte
1464 2335 1508 2398 in-

298 2437 470 2504 veniuntur
492 2435 663 2518 compluria
684 2433 835 2516 deinceps
858 2434 1006 2518 carmina,
1030 2456 1049 2499 6
1073 2436 1186 2517 quibus
1209 2438 1369 2520 colligatio
1391 2437 1512 2522 parium

299 2540 465 2605 verborum
496 2537 591 2620 plane
623 2536 716 2618 absit,
749 2535 886 2599 maxima
916 2556 990 2619 6616
1013 2537 1083 2620 6166
1106 2538 1190 2604 binis
1213 2548 1268 2604 aut
1288 2541 1386 2607 ternis
1408 2540 1514 2605 verbis

299 2641 387 2707 adeo
413 2640 495 2704 inter
523 2658 558 2704 se
584 2659 669 2702 nexa
691 2646 722 2704 et
744 2637 892 2720 colligata
915 2647 971 2720 661,
996 2646 1030 2704 61
1052 2647 1189 2706 61616616
1213 2649 1332 2708 1661616
1354 2649 1407 2708 661
1429 2643 1514 2707 66116

300 2742 430 2809 66661116
453 2739 628 2804 1111661616
651 2759 732 2821 6666,
754 2738 787 2803 id
808 2738 913 2822 ipsum
945 2741 1091 2806 videatur
1122 2743 1310 2809 temeritatis
1340 2750 1371 2810 et
1400 2744 1515 2809 nullius

300 2843 420 2910 consilii
443 2863 525 2909 esse.
569 2843 642 2907 Jam
664 2862 704 2906 ne
726 2839 803 2905 illud
828 2841 953 2922 quidem
975 2844 1050 2911 licet
1072 2845 1185 2928 dicere,
1215 2845 1300 2928 quod
1321 2845 1516 2912 Fritzschius

298 2946 406 3029 voluit,
428 2945 526 3010 161666
548 2964 618 3009 6661
641 2942 782 3008 ordinem
804 2943 838 3006 in
859 2963 897 3008 66
919 2944 1039 3027 codice,
1063 2946 1115 3028 qui
1138 2946 1275 3011 maxime
1295 2945 1458 3012 adhibitus
1474 2947 1516 3012 sit

299 3048 341 3113 ad
368 3044 620 3113 constituendam
652 3052 790 3112 nostram
824 3046 1040 3112 collectionem
1074 3055 1105 3112 61
1136 3047 1211 3111 inde
1244 3047 1306 3111 1166
1338 3048 1514 3126 1166611666.

298 3149 369 3215 Stat
402 3148 454 3212 hic
487 3147 564 3212 ordo
595 3146 630 3212 in
656 3147 717 3212 bac
749 3155 857 3212 666116
890 3146 1083 3230 collectione,
1117 3147 1260 3231 quamvis
1293 3168 1515 3232 nonnusquam

297 3251 404 3317 nescio
427 3270 489 3332 quo
512 3269 587 3315 casu
621 3249 805 3314 obliteratus
827 3256 859 3314 et
880 3251 1076 3332 obscuratus,
1111 3249 1170 3314 etsi
1203 3270 1266 3315 non
1298 3250 1416 3334 ubique
1449 3259 1515 3316 1616

299 3351 442 3437 6111161161,
480 3358 544 3415 1616
577 3350 767 3435 perspicuae
799 3349 864 3432 legi
886 3350 1065 3431 adstrictus,
1090 3369 1183 3432 quam
1204 3371 1301 3437 66616
1323 3354 1428 3419 6116116
1452 3355 1514 3419 161-

297 3453 391 3519 mulis
414 3452 647 3518 Nietzschianis
670 3459 743 3516 ante
766 3452 871 3518 666166
894 3451 1065 3534 posuimus.
1117 3452 1211 3530 Quod
1233 3475 1288 3521 661
1310 3475 1371 3521 666
1393 3455 1438 3518 ita
1460 3457 1514 3539 sit,

297 3564 331 3622 61
353 3555 578 3635 (1661116166166,
611 3573 686 3618 6661
718 3573 903 3618 accusemus
939 3552 1015 3634 eius,
1050 3554 1104 3635 qui
1133 3556 1217 3621 huuc
1239 3558 1353 3622 librum
1375 3555 1513 3640 collegit,

297 3659 451 3724 incuriam
474 3663 505 3722 et
526 3655 767 3738 indiligentiam,
790 3653 928 3718 6661611
957 3653 1155 3722 librariorum
1187 3657 1314 3740 aliquod
1347 3658 1513 3724 consilium

297 3768 351 3827 661
372 3756 606 3842 neglegentiam
628 3757 669 3823 sit
689 3756 899 3838 referendum,
932 3777 996 3822 non
1028 3757 1123 3824 facile
1156 3765 1261 3844 potest
1282 3757 1356 3842 dici,
1379 3780 1449 3824 cum
1470 3759 1512 3825 de

296 3862 394 3928 161116
417 3860 543 3927 casibus
565 3858 666 3923 666111
688 3858 762 3924 libri
784 3858 860 3922 nihil
882 3859 921 3924 sit
944 3860 1103 3927 traditum.

398 3963 490 4028 Certe
513 3967 646 4044 possunt
667 3960 771 4024 animo
793 3960 869 4042 fingi
890 3961 1008 4026 multae
1031 3968 1063 4026 et
1085 3964 1192 4026 161166
1225 3982 1352 4030 666666.
1408 3965 1512 4046 Atque

296 4064 499 4130 Nietzschius
532 4061 660 4146 quidem
692 4063 856 4144 neglectae
890 4063 969 4145 legis
992 4062 1173 4147 ordinisque
1195 4065 1359 4148 interrupti
1383 4085 1513 4129 causam

297 4166 418 4233 confert
439 4165 472 4230 in
493 4161 731 4249 praetermissos
753 4183 773 4227 a
794 4163 929 4229 librariis
952 4184 1061 4230 161666
1084 4167 1245 4250 repetitos.
1289 4165 1382 4243 Quod
1404 4186 1513 4248 quam-

296 4287 391 4351 quam
413 4287 476 4331 non
498 4285 650 4348 negamus
672 4263 832 4329 interdum
853 4263 974 4346 aliquid
1000 4265 1148 4350 valuisse,
1175 4266 1363 4353 praesertim
1386 4286 1457 4331 oum
1478 4267 1513 4330 in
