3314 4670
863 210 1066 276 ..34..

359 407 424 474 Sed
446 407 620 502 videamus,
642 409 757 490 quibus
778 409 954 475 rationibus
976 416 1106 494 uterque
1128 413 1244 476 utatur!
1292 411 1479 492 Julianusv)
1506 411 1572 494 qui·

359 509 432 574 dem
465 510 658 594 Theognidis
691 511 877 575 mentionem
913 511 988 583 facit
1015 514 1047 578 in
1069 515 1151 578 hunc
1173 513 1313 578 modurn:
1337 513 1355 576 ὁ
1379 512 1573 592 σοφώτατος

359 614 514 690 Σολομὼν
545 611 731 691 παρόμοιος
753 615 820 677 ἐστι
842 620 886 697 τῷ
909 613 974 692 παῤ
997 612 1130 692 Ἕλλησι
1153 616 1318 698 Φωκυλίδῃ
1343 615 1362 692 ἢ
1386 614 1530 687 Θεόγνιδι
1552 613 1571 689 ἢ

358 709 540 791 Ἰσοκράτει;
573 716 672 780 πόθεν
704 717 730 779 εἰ
749 721 828 790 γοῦν
849 715 1047 794 παραβάλοις
1069 718 1126 794 τὰς
1148 715 1348 795 Ἰσοκράτους
1370 717 1573 794 παραινέσεις

358 819 429 891 ταῖς
452 815 572 879 ἐκείνου
595 817 783 895 παροιμίαις,
808 817 915 894 εὕροις
937 818 976 882 ἂν
999 817 1033 880 εὖ
1058 817 1130 882 οἴδα
1144 820 1202 883 τὸν
1215 823 1272 883 τοῦ
1288 817 1459 895 Θεοδώρου
1475 815 1573 894 κρείτ-

360 937 437 979 τονα
459 920 515 980 τοῦ
539 917 733 996 σοφωτάτου
758 920 923 997 βασιλέως,
969 919 1028 984 His
1059 921 1247 1002 allatisque
1270 920 1337 985 iure
1372 917 1573 983 Nietnschius

360 1015 471 1082 addat:
493 1019 661 1101 „Julianus
684 1020 772 1085 hatte
794 1019 855 1086 den
868 1021 1032 1104 Theognis
1055 1022 1236 1104 unmoglich
1258 1024 1290 1087 in
1316 1021 1421 1088 dieser
1442 1019 1573 1084 Verbin-

361 1118 447 1201 dung
478 1120 631 1185 aniuhren
663 1121 800 1204 konnen,
829 1143 922 1188 wenn
944 1145 979 1188 er
1000 1145 1039 1188 uu
1062 1125 1218 1206 besorgeu
1239 1124 1358 1205 gchabt
1379 1123 1475 1203 hatte,
1499 1121 1574 1185 dass

360 1240 433 1284 man
456 1222 527 1284 dem
550 1222 712 1304 Theognis
736 1223 883 1288 dasseibe
910 1245 979 1288 uum
1011 1225 1161 1290 Vorwurf
1188 1225 1322 1292 macheu
1354 1225 1471 1306 bonne,
1504 1241 1573 1288 was

362 1341 395 1384 er
418 1321 489 1386 dem
511 1321 674 1405 Salomo,“
696 1323 841 1407 equidem
864 1326 970 1392 hercle
992 1348 1056 1392 non
1077 1328 1236 1410 intellego.
1351 1371 1356 1382 ·

463 1424 546 1488 Nam
568 1424 690 1506 siquid
714 1435 762 1490 ost
785 1436 838 1490 aut
861 1428 921 1492 fuit
943 1429 975 1492 in
998 1449 1093 1512 opere
1115 1429 1333 1510 Theognideo,
1357 1426 1442 1510 quod
1464 1428 1494 1492 ei
1507 1428 1573 1492 iure

361 1522 437 1588 vitio
461 1524 597 1608 daretur,
620 1527 697 1592 illud
717 1528 781 1592 iam
803 1529 924 1614 pridem
958 1530 998 1595 ab
1031 1531 1196 1594 Athenaeo
1231 1537 1297 1595 erat
1330 1528 1516 1610 castigatum
1544 1539 1573 1593 et

361 1624 595 1711 reprehensum,
629 1629 713 1712 quod
745 1632 848 1715 ipsum
875 1652 915 1695 ne
939 1631 1051 1696 eodem
1074 1633 1140 1696 iure
1162 1633 1203 1696 ab
1226 1631 1298 1696 aliis
1318 1631 1366 1695 illi
1388 1631 1571 1713 obiceretur,

362 1734 446 1792 certe
467 1734 533 1792 tum
556 1737 622 1795 erat
643 1733 847 1797 metuendum
869 1733 1005 1814 Juliano,
1029 1732 1091 1798 uisi
1114 1753 1188 1817 spes
1219 1740 1286 1798 erat
1308 1733 1452 1798 homines
1475 1755 1570 1816 gram-

362 1830 493 1896 maticos
526 1851 730 1916 aucupesque
764 1834 957 1918 syllabarum
990 1855 1048 1899 sua
1081 1855 1144 1900 non
1176 1836 1313 1900 lecturos
1347 1854 1428 1902 esse.
1484 1835 1566 1912 Quod

363 1940 467 1996 autem
501 1933 557 1996 tali
590 1941 676 1998 metu
709 1955 779 1998 eum
813 1956 944 2000 vacasse
976 1935 1176 2000 manufestum
1211 1943 1267 2018 cst,
1290 1935 1370 2000 illud
1389 1937 1505 2003 indicio
1525 1943 1570 2000 est

362 2053 425 2096 non
448 2034 573 2117 singula
596 2036 765 2118 quaedam,
786 2057 868 2119 quae
890 2038 923 2101 in
945 2038 1069 2120 scriptis
1093 2044 1226 2119 exstant,
1237 2038 1375 2104 voluisse
1390 2038 1502 2120 respici
1514 2037 1571 2101 sed
1634 2077 1635 2098 ι

362 2133 465 2218 ipsum
499 2137 658 2220 ingenium
691 2146 784 2220 atque
816 2159 931 2221 mores,
954 2141 1071 2221 quales,
1105 2160 1175 2205 cum
1206 2140 1245 2204 de
1267 2141 1333 2206 vita
1353 2158 1448 2222 noque
1469 2137 1568 2200 literis

364 2237 534 2319 quidquam
557 2239 598 2303 ab
621 2240 760 2322 antiquis
782 2241 965 2306 mandatum
981 2248 1074 2322 esset,
1090 2261 1194 2322 neque
1210 2242 1252 2306 ab
1267 2239 1460 2308 calumniosis
1474 2245 1572 2318 atque

363 2337 486 2406 infestis
522 2341 702 2408 hominibus
738 2340 907 2425 quidquam
940 2342 1008 2405 vitii
1041 2349 1094 2406 aut
1127 2342 1233 2426 probri
1265 2343 1386 2408 illatum
1419 2348 1510 2423 esset,
1534 2361 1575 2406 ex
1634 2351 1635 2430 t

364 2463 485 2508 summa
517 2441 618 2526 ipsius
652 2444 824 2508 carminum
854 2463 1044 2525 cognoscere
1066 2444 1170 2526 liceat,
1194 2445 1255 2510 nisi
1278 2445 1347 2527 quis
1369 2442 1577 2508 infestissimo
1634 2433 1635 2518 ζ

362 2544 490 2628 ingenio
513 2544 555 2608 ad
578 2564 616 2608 ea
638 2542 774 2626 legenda
807 2547 976 2609 accesserit
1008 2547 1200 2628 nimiumque
1232 2548 1350 2612 tribuat
1381 2544 1575 2630 paucissimis

364 2646 435 2728 illis,
459 2665 541 2728 quae
564 2665 583 2708 a
606 2646 773 2710 sanctitate
795 2646 881 2709 vitae
904 2646 1072 2713 abhorrere
1094 2646 1251 2714 videntur.
1297 2648 1382 2726 Quid
1403 2668 1480 2712 vero
1496 2645 1575 2711 aliud
1634 2653 1635 2656 ’

365 2768 406 2812 cx
427 2747 570 2813 versibus
593 2746 798 2831 Theognidis,
822 2747 878 2828 qui
899 2747 940 2812 ad
963 2757 1071 2814 nostra
1092 2757 1234 2833 tempora
1263 2758 1455 2831 manserunt,
1480 2748 1579 2830 colligi

364 2857 471 2933 potest
505 2849 564 2914 nisi
597 2869 669 2914 eum
702 2849 800 2914 fuisse
833 2849 988 2934 insignem
1020 2851 1176 2932 gravitate
1208 2851 1304 2915 animi
1337 2858 1369 2915 et
1399 2851 1581 2936 integritate

365 2972 494 3033 morum,
516 2971 650 3017 vacasse
671 2951 758 3016 vitiis
781 2959 877 3034 atque
905 2951 1155 3036 intemperantia,
1184 2973 1247 3036 qua
1268 2959 1353 3017 certe
1373 2954 1468 3019 laude
1492 2954 1583 3019 Salo-

364 3053 466 3120 monis
499 3053 567 3117 vita
598 3052 731 3134 indigna
763 3052 828 3118 fuit.
884 3054 934 3117 Αιι
967 3075 1040 3119 vero
1069 3055 1143 3118 licet
1165 3060 1276 3136 putare
1298 3054 1395 3119 fuisse
1417 3055 1482 3120 illis
1505 3063 1584 3120 tern-

366 3157 494 3241 porihus
528 3156 588 3220 duo
622 3154 900 3236 Theognideorum
933 3157 1077 3239 exempla
1110 3157 1192 3219 inter
1225 3175 1260 3218 se
1290 3155 1426 3239 diversa,
1449 3177 1585 3240 quorum

365 3280 461 3324 unum
483 3258 645 3322 Athenaeo
668 3256 817 3320 fueritin
837 3258 984 3322 manibus
1012 3280 1032 3322 a
1058 3262 1164 3322 nostro
1200 3256 1283 3321 haud
1315 3257 1486 3322 admodum
1520 3259 1585 3324 dis-

367 3381 510 3443 crepans,
545 3361 687 3439 altcrum,
721 3358 804 3440 quod
838 3359 994 3423 severitati
1028 3365 1148 3422 tantum
1186 3358 1365 3424 studentem
1400 3361 1585 3442 praebuerit

365 3461 594 3546 Theognidem,
631 3462 724 3542 longe
761 3460 917 3525 diversum
955 3480 975 3523 a
1010 3468 1117 3524 nostro
1155 3467 1186 3524 et
1221 3459 1304 3524 idem
1337 3460 1438 3525 solum
1472 3471 1585 3528 notum

367 3565 495 3630 Juliano
518 3570 550 3627 et
572 3562 713 3646 Cyrillo‘?
738 3563 773 3626 Id
797 3581 889 3643 quam
913 3561 952 3626 sit
975 3561 1155 3643 absurdum,
1178 3563 1231 3626 vix
1253 3570 1309 3644 est,
1325 3560 1409 3644 quod
1424 3583 1586 3630 moneam.

365 3667 463 3730 Multo
495 3663 692 3748 probabilius
724 3669 852 3747 putatur
880 3671 1012 3743 uterque
1039 3682 1101 3727 non
1124 3664 1250 3747 penitus
1272 3661 1454 3748 percepisse
1477 3665 1588 3730 Theo-

367 3767 495 3852 gnidem
517 3774 579 3847 aut,
602 3785 670 3829 curn
694 3765 772 3828 talia
787 3764 945 3845 scriberet,
962 3785 1040 3849 opus
1056 3763 1293 3848 Theognideum
1307 3785 1372 3828 non
1387 3763 1418 3827 in
1433 3767 1589 3834 manibus

367 3868 518 3934 habuisse
541 3872 595 3930 aut
617 3866 764 3948 denique,
787 3865 819 3928 id
843 3864 928 3946 quod
960 3867 1217 3932 verisimillimum
1249 3864 1383 3948 videtur,
1413 3875 1526 3931 neuter
1551 3869 1586 3934 id

367 3971 482 4054 egisse,
505 3976 539 4033 ut
562 3967 718 4033 subtiliter
740 3976 834 4051 atque
856 3977 1002 4033 accurate
1029 3968 1070 4033 de
1102 3967 1289 4055 Theognide
1311 3966 1474 4034 iudicaret.
1521 3970 1589 4036 Cui

366 4073 414 4138 rei
448 4069 633 4154 gratissimo
666 4076 738 4134 sunt
770 4077 964 4151 argumenta
997 4089 1078 4152 quae
1109 4069 1246 4134 absurde
1280 4077 1311 4135 et
1342 4068 1509 4136 fastidiose
1544 4073 1588 4138 de

367 4229 569 4239 ...--——--—

473 4293 507 4364 a)
525 4311 550 4364 p.
569 4296 621 4353 224
640 4293 682 4349 ed.
700 4293 840 4379 spanhem.
