<?xml version="1.0" encoding="UTF-8"?>
<!DOCTYPE html PUBLIC "-//W3C//DTD XHTML 1.0 Transitional//EN"
    "http://www.w3.org/TR/xhtml1/DTD/xhtml1-transitional.dtd">
<html xmlns="http://www.w3.org/1999/xhtml" xml:lang="en" lang="en">
 <head>
  <title>
</title>
<meta http-equiv="Content-Type" content="text/html;charset=utf-8" />
  <meta name='ocr-system' content='tesseract 3.04.00' />
  <meta name='ocr-capabilities' content='ocr_page ocr_carea ocr_par ocr_line ocrx_word'/>
</head>
<body>
  <div class='ocr_page' id='page_1' title='image "./descriptistheog00mlgoog_0010.png"; bbox 0 0 3314 4670; ppageno 0'>
   <div class='ocr_carea' id='block_1_1' title="bbox 666 211 854 276">
    <p class='ocr_par' dir='ltr' id='par_1_1' title="bbox 666 211 854 276">
     <span class='ocr_line' id='line_1_1' title="bbox 666 211 854 276; baseline 0 -18"><span class='ocrx_word' id='word_1_1' title='bbox 666 211 854 276; x_wconf 61' lang='lat'>,5-</span> 
     </span>
    </p>
   </div>
   <div class='ocr_carea' id='block_1_2' title="bbox 108 409 1374 4162">
    <p class='ocr_par' dir='ltr' id='par_1_2' title="bbox 151 409 1369 994">
     <span class='ocr_line' id='line_1_2' title="bbox 151 409 1368 499; baseline -0.005 -15"><span class='ocrx_word' id='word_1_2' title='bbox 151 417 286 484; x_wconf 86' lang='lat' dir='ltr'>valuerit</span> <span class='ocrx_word' id='word_1_3' title='bbox 307 413 493 481; x_wconf 86' lang='lat' dir='ltr'>auctoritate</span> <span class='ocrx_word' id='word_1_4' title='bbox 517 413 639 480; x_wconf 87' lang='lat' dir='ltr'>adrem</span> <span class='ocrx_word' id='word_1_5' title='bbox 655 413 815 499; x_wconf 79' lang='lat' dir='ltr'>publicam</span> <span class='ocrx_word' id='word_1_6' title='bbox 830 411 1077 496; x_wconf 76' lang='lat' dir='ltr'>gubernandam,</span> <span class='ocrx_word' id='word_1_7' title='bbox 1093 410 1133 475; x_wconf 90' lang='lat' dir='ltr'>de</span> <span class='ocrx_word' id='word_1_8' title='bbox 1154 409 1204 476; x_wconf 88' lang='lat' dir='ltr'>his</span> <span class='ocrx_word' id='word_1_9' title='bbox 1223 410 1368 478; x_wconf 86' lang='lat' dir='ltr'>omnihus</span> 
     </span>
     <span class='ocr_line' id='line_1_3' title="bbox 151 512 1367 602; baseline -0.009 -15"><span class='ocrx_word' id='word_1_10' title='bbox 151 523 248 586; x_wconf 89' lang='lat' dir='ltr'>rebus</span> <span class='ocrx_word' id='word_1_11' title='bbox 269 518 346 583; x_wconf 93' lang='lat' dir='ltr'>nihil</span> <span class='ocrx_word' id='word_1_12' title='bbox 369 517 410 582; x_wconf 91' lang='lat' dir='ltr'>ad</span> <span class='ocrx_word' id='word_1_13' title='bbox 433 524 542 582; x_wconf 87' lang='lat' dir='ltr'>nostra</span> <span class='ocrx_word' id='word_1_14' title='bbox 571 526 715 602; x_wconf 90' lang='lat' dir='ltr'>tempora</span> <span class='ocrx_word' id='word_1_15' title='bbox 748 515 896 582; x_wconf 89' lang='lat' dir='ltr'>manavit.</span> <span class='ocrx_word' id='word_1_16' title='bbox 952 514 1043 593; x_wconf 78' lang='lat' dir='ltr'>Quae</span> <span class='ocrx_word' id='word_1_17' title='bbox 1076 513 1193 580; x_wconf 87' lang='lat' dir='ltr'>scimus</span> <span class='ocrx_word' id='word_1_18' title='bbox 1225 513 1266 578; x_wconf 92' lang='lat' dir='ltr'>de</span> <span class='ocrx_word' id='word_1_19' title='bbox 1299 512 1367 578; x_wconf 89' lang='lat' dir='ltr'>eius</span> 
     </span>
     <span class='ocr_line' id='line_1_4' title="bbox 151 615 1367 705; baseline -0.006 -18"><span class='ocrx_word' id='word_1_20' title='bbox 151 625 227 705; x_wconf 89' lang='lat' dir='ltr'>vita,</span> <span class='ocrx_word' id='word_1_21' title='bbox 250 622 290 687; x_wconf 91' lang='lat' dir='ltr'>de</span> <span class='ocrx_word' id='word_1_22' title='bbox 312 621 418 686; x_wconf 91' lang='lat' dir='ltr'>indole</span> <span class='ocrx_word' id='word_1_23' title='bbox 441 631 473 685; x_wconf 90' lang='lat' dir='ltr'>et</span> <span class='ocrx_word' id='word_1_24' title='bbox 494 621 615 704; x_wconf 83' lang='lat' dir='ltr'>ingenii</span> <span class='ocrx_word' id='word_1_25' title='bbox 637 620 797 698; x_wconf 77' lang='lat' dir='ltr'>facultate,</span> <span class='ocrx_word' id='word_1_26' title='bbox 821 617 861 682; x_wconf 92' lang='lat' dir='ltr'>de</span> <span class='ocrx_word' id='word_1_27' title='bbox 883 617 980 681; x_wconf 89' lang='lat' dir='ltr'>animi</span> <span class='ocrx_word' id='word_1_28' title='bbox 1002 615 1107 682; x_wconf 84' lang='lat' dir='ltr'>studio</span> <span class='ocrx_word' id='word_1_29' title='bbox 1130 623 1163 681; x_wconf 91' lang='lat' dir='ltr'>et</span> <span class='ocrx_word' id='word_1_30' title='bbox 1195 617 1367 697; x_wconf 81' lang='lat' dir='ltr'>voluntate,</span> 
     </span>
     <span class='ocr_line' id='line_1_5' title="bbox 153 719 1369 806; baseline -0.007 -16"><span class='ocrx_word' id='word_1_31' title='bbox 153 724 258 791; x_wconf 87' lang='lat' dir='ltr'>omnia</span> <span class='ocrx_word' id='word_1_32' title='bbox 280 745 320 788; x_wconf 84' lang='lat' dir='ltr'>ex</span> <span class='ocrx_word' id='word_1_33' title='bbox 343 723 411 788; x_wconf 93' lang='lat' dir='ltr'>eius</span> <span class='ocrx_word' id='word_1_34' title='bbox 434 722 560 805; x_wconf 88' lang='lat' dir='ltr'>scriptis</span> <span class='ocrx_word' id='word_1_35' title='bbox 587 723 687 806; x_wconf 90' lang='lat' dir='ltr'>petita</span> <span class='ocrx_word' id='word_1_36' title='bbox 713 729 786 787; x_wconf 88' lang='lat' dir='ltr'>sunt</span> <span class='ocrx_word' id='word_1_37' title='bbox 819 728 850 784; x_wconf 91' lang='lat' dir='ltr'>et</span> <span class='ocrx_word' id='word_1_38' title='bbox 881 719 1007 802; x_wconf 92' lang='lat' dir='ltr'>quidem</span> <span class='ocrx_word' id='word_1_39' title='bbox 1040 739 1080 784; x_wconf 87' lang='lat' dir='ltr'>ex</span> <span class='ocrx_word' id='word_1_40' title='bbox 1112 719 1201 801; x_wconf 88' lang='lat' dir='ltr'>locis,</span> <span class='ocrx_word' id='word_1_41' title='bbox 1236 737 1369 802; x_wconf 91' lang='lat' dir='ltr'>quorum</span> 
     </span>
     <span class='ocr_line' id='line_1_6' title="bbox 151 820 1369 908; baseline -0.005 -17"><span class='ocrx_word' id='word_1_42' title='bbox 151 827 264 892; x_wconf 89' lang='lat' dir='ltr'>multos</span> <span class='ocrx_word' id='word_1_43' title='bbox 287 826 369 890; x_wconf 91' lang='lat' dir='ltr'>alius</span> <span class='ocrx_word' id='word_1_44' title='bbox 391 826 482 890; x_wconf 90' lang='lat' dir='ltr'>aliter</span> <span class='ocrx_word' id='word_1_45' title='bbox 502 824 734 908; x_wconf 90' lang='lat' dir='ltr'>interpretatur,</span> <span class='ocrx_word' id='word_1_46' title='bbox 762 822 815 903; x_wconf 92' lang='lat' dir='ltr'>qui</span> <span class='ocrx_word' id='word_1_47' title='bbox 842 842 905 905; x_wconf 89' lang='lat' dir='ltr'>quo</span> <span class='ocrx_word' id='word_1_48' title='bbox 932 827 1085 906; x_wconf 83' lang='lat' dir='ltr'><strong>spectent,</strong></span> <span class='ocrx_word' id='word_1_49' title='bbox 1112 820 1178 886; x_wconf 89' lang='lat' dir='ltr'>fere</span> <span class='ocrx_word' id='word_1_50' title='bbox 1206 842 1314 887; x_wconf 88' lang='lat' dir='ltr'>omues</span> <span class='ocrx_word' id='word_1_51' title='bbox 1336 820 1369 885; x_wconf 90' lang='lat' dir='ltr'>in</span> 
     </span>
     <span class='ocr_line' id='line_1_7' title="bbox 152 925 543 994; baseline -0.015 0"><span class='ocrx_word' id='word_1_52' title='bbox 152 927 380 994; x_wconf 78' lang='lat' dir='ltr'>dubitationem</span> <span class='ocrx_word' id='word_1_53' title='bbox 405 925 543 992; x_wconf 89' lang='lat' dir='ltr'>veniunt.</span> 
     </span>
    </p>

    <p class='ocr_par' dir='ltr' id='par_1_3' title="bbox 151 1024 1369 1725">
     <span class='ocr_line' id='line_1_8' title="bbox 254 1024 1368 1113; baseline -0.004 -18"><span class='ocrx_word' id='word_1_54' title='bbox 254 1027 319 1096; x_wconf 87' lang='lat' dir='ltr'>Sed</span> <span class='ocrx_word' id='word_1_55' title='bbox 342 1027 382 1093; x_wconf 88' lang='lat' dir='ltr'>de</span> <span class='ocrx_word' id='word_1_56' title='bbox 403 1027 514 1113; x_wconf 88' lang='lat' dir='ltr'>patria,</span> <span class='ocrx_word' id='word_1_57' title='bbox 538 1027 578 1092; x_wconf 90' lang='lat' dir='ltr'>de</span> <span class='ocrx_word' id='word_1_58' title='bbox 600 1026 675 1108; x_wconf 87' lang='lat' dir='ltr'>rita,</span> <span class='ocrx_word' id='word_1_59' title='bbox 698 1025 739 1090; x_wconf 91' lang='lat' dir='ltr'>de</span> <span class='ocrx_word' id='word_1_60' title='bbox 758 1025 886 1108; x_wconf 86' lang='lat' dir='ltr'>ingenio</span> <span class='ocrx_word' id='word_1_61' title='bbox 906 1033 1001 1108; x_wconf 87' lang='lat' dir='ltr'>atque</span> <span class='ocrx_word' id='word_1_62' title='bbox 1016 1024 1155 1090; x_wconf 87' lang='lat' dir='ltr'>moribus</span> <span class='ocrx_word' id='word_1_63' title='bbox 1171 1024 1368 1108; x_wconf 80' lang='lat' dir='ltr'>Theognidis</span> 
     </span>
     <span class='ocr_line' id='line_1_9' title="bbox 151 1126 1369 1211; baseline -0.002 -14"><span class='ocrx_word' id='word_1_64' title='bbox 151 1153 225 1197; x_wconf 84' lang='lat' dir='ltr'>mox</span> <span class='ocrx_word' id='word_1_65' title='bbox 248 1132 309 1196; x_wconf 91' lang='lat' dir='ltr'>alio</span> <span class='ocrx_word' id='word_1_66' title='bbox 331 1131 411 1211; x_wconf 93' lang='lat' dir='ltr'>loco,</span> <span class='ocrx_word' id='word_1_67' title='bbox 434 1129 461 1195; x_wconf 88' lang='lat' dir='ltr'>si</span> <span class='ocrx_word' id='word_1_68' title='bbox 480 1129 596 1209; x_wconf 88' lang='lat' dir='ltr'>licebit,</span> <span class='ocrx_word' id='word_1_69' title='bbox 620 1148 762 1210; x_wconf 88' lang='lat' dir='ltr'>agemus.</span> <span class='ocrx_word' id='word_1_70' title='bbox 799 1129 859 1192; x_wconf 92' lang='lat' dir='ltr'>Hic</span> <span class='ocrx_word' id='word_1_71' title='bbox 873 1149 914 1192; x_wconf 92' lang='lat' dir='ltr'>ne</span> <span class='ocrx_word' id='word_1_72' title='bbox 936 1126 1114 1193; x_wconf 91' lang='lat' dir='ltr'>huiusmodi</span> <span class='ocrx_word' id='word_1_73' title='bbox 1140 1126 1369 1194; x_wconf 84' lang='lat' dir='ltr'>dissertationis</span> 
     </span>
     <span class='ocr_line' id='line_1_10' title="bbox 152 1228 1369 1315; baseline -0.002 -16"><span class='ocrx_word' id='word_1_74' title='bbox 152 1234 286 1299; x_wconf 86' lang='lat' dir='ltr'>usitatos</span> <span class='ocrx_word' id='word_1_75' title='bbox 307 1232 386 1298; x_wconf 91' lang='lat' dir='ltr'>fines</span> <span class='ocrx_word' id='word_1_76' title='bbox 412 1230 690 1315; x_wconf 77' lang='lat' dir='ltr'>transgrediamur,</span> <span class='ocrx_word' id='word_1_77' title='bbox 724 1250 794 1295; x_wconf 89' lang='lat' dir='ltr'>earn</span> <span class='ocrx_word' id='word_1_78' title='bbox 826 1230 930 1313; x_wconf 89' lang='lat' dir='ltr'>legem</span> <span class='ocrx_word' id='word_1_79' title='bbox 963 1228 1097 1295; x_wconf 90' lang='lat' dir='ltr'>orationi</span> <span class='ocrx_word' id='word_1_80' title='bbox 1131 1230 1369 1314; x_wconf 69' lang='lat' dir='ltr'>constituemur,</span> 
     </span>
     <span class='ocr_line' id='line_1_11' title="bbox 153 1331 1369 1416; baseline 0 -17"><span class='ocrx_word' id='word_1_81' title='bbox 153 1346 187 1400; x_wconf 92' lang='lat' dir='ltr'>ut</span> <span class='ocrx_word' id='word_1_82' title='bbox 210 1355 277 1400; x_wconf 86' lang='lat' dir='ltr'>cunr</span> <span class='ocrx_word' id='word_1_83' title='bbox 311 1334 449 1399; x_wconf 89' lang='lat' dir='ltr'>breviter</span> <span class='ocrx_word' id='word_1_84' title='bbox 486 1337 734 1416; x_wconf 81' lang='lat' dir='ltr'>exposuerimus,</span> <span class='ocrx_word' id='word_1_85' title='bbox 768 1353 831 1416; x_wconf 92' lang='lat' dir='ltr'>qua</span> <span class='ocrx_word' id='word_1_86' title='bbox 857 1353 891 1397; x_wconf 91' lang='lat' dir='ltr'>re</span> <span class='ocrx_word' id='word_1_87' title='bbox 918 1331 1084 1414; x_wconf 69' lang='lat' dir='ltr'>adductus</span> <span class='ocrx_word' id='word_1_88' title='bbox 1113 1331 1173 1411; x_wconf 90' lang='lat' dir='ltr'>cui,</span> <span class='ocrx_word' id='word_1_89' title='bbox 1198 1353 1261 1415; x_wconf 90' lang='lat' dir='ltr'>qua</span> <span class='ocrx_word' id='word_1_90' title='bbox 1282 1333 1369 1399; x_wconf 85' lang='lat' dir='ltr'>vitae</span> 
     </span>
     <span class='ocr_line' id='line_1_12' title="bbox 153 1429 1369 1519; baseline -0.002 -17"><span class='ocrx_word' id='word_1_91' title='bbox 153 1447 256 1504; x_wconf 89' lang='lat' dir='ltr'>aetate</span> <span class='ocrx_word' id='word_1_92' title='bbox 289 1437 452 1519; x_wconf 78' lang='lat' dir='ltr'>Theognis</span> <span class='ocrx_word' id='word_1_93' title='bbox 485 1435 627 1500; x_wconf 87' lang='lat' dir='ltr'>carmina</span> <span class='ocrx_word' id='word_1_94' title='bbox 661 1434 881 1518; x_wconf 89' lang='lat' dir='ltr'>composuerit,</span> <span class='ocrx_word' id='word_1_95' title='bbox 915 1434 1072 1518; x_wconf 88' lang='lat' dir='ltr'>copiosius</span> <span class='ocrx_word' id='word_1_96' title='bbox 1106 1435 1299 1502; x_wconf 82' lang='lat' dir='ltr'>disseramus</span> <span class='ocrx_word' id='word_1_97' title='bbox 1329 1429 1369 1500; x_wconf 92' lang='lat' dir='ltr'>de</span> 
     </span>
     <span class='ocr_line' id='line_1_13' title="bbox 153 1535 1369 1622; baseline -0.003 -16"><span class='ocrx_word' id='word_1_98' title='bbox 153 1541 220 1606; x_wconf 89' lang='lat' dir='ltr'>eius</span> <span class='ocrx_word' id='word_1_99' title='bbox 252 1541 344 1620; x_wconf 91' lang='lat' dir='ltr'>libro,</span> <span class='ocrx_word' id='word_1_100' title='bbox 377 1559 471 1622; x_wconf 89' lang='lat' dir='ltr'>quem</span> <span class='ocrx_word' id='word_1_101' title='bbox 504 1557 589 1600; x_wconf 90' lang='lat' dir='ltr'>nunc</span> <span class='ocrx_word' id='word_1_102' title='bbox 621 1535 782 1617; x_wconf 86' lang='lat' dir='ltr'>habemus,</span> <span class='ocrx_word' id='word_1_103' title='bbox 816 1537 850 1600; x_wconf 94' lang='lat' dir='ltr'>in</span> <span class='ocrx_word' id='word_1_104' title='bbox 879 1535 1057 1620; x_wconf 88' lang='lat' dir='ltr'>appendice</span> <span class='ocrx_word' id='word_1_105' title='bbox 1079 1545 1209 1617; x_wconf 88' lang='lat' dir='ltr'>tanturn,</span> <span class='ocrx_word' id='word_1_106' title='bbox 1233 1537 1260 1601; x_wconf 88' lang='lat' dir='ltr'>si</span> <span class='ocrx_word' id='word_1_107' title='bbox 1281 1538 1369 1602; x_wconf 90' lang='lat' dir='ltr'>locus</span> 
     </span>
     <span class='ocr_line' id='line_1_14' title="bbox 152 1637 1153 1725; baseline -0.004 -18"><span class='ocrx_word' id='word_1_108' title='bbox 152 1643 218 1725; x_wconf 89' lang='lat' dir='ltr'>erit,</span> <span class='ocrx_word' id='word_1_109' title='bbox 241 1643 304 1706; x_wconf 89' lang='lat' dir='ltr'>alia</span> <span class='ocrx_word' id='word_1_110' title='bbox 326 1639 492 1721; x_wconf 86' lang='lat' dir='ltr'>quaedam,</span> <span class='ocrx_word' id='word_1_111' title='bbox 516 1658 598 1721; x_wconf 86' lang='lat' dir='ltr'>quae</span> <span class='ocrx_word' id='word_1_112' title='bbox 621 1637 725 1702; x_wconf 89' lang='lat' dir='ltr'>adhuc</span> <span class='ocrx_word' id='word_1_113' title='bbox 748 1638 846 1702; x_wconf 87' lang='lat' dir='ltr'>dubia</span> <span class='ocrx_word' id='word_1_114' title='bbox 868 1649 949 1720; x_wconf 72' lang='lat' dir='ltr'>aurat,</span> <span class='ocrx_word' id='word_1_115' title='bbox 974 1638 1153 1703; x_wconf 87' lang='lat' dir='ltr'>afferentes.</span> 
     </span>
    </p>

    <p class='ocr_par' dir='ltr' id='par_1_4' title="bbox 152 1739 1370 2129">
     <span class='ocr_line' id='line_1_15' title="bbox 253 1739 1370 1823; baseline -0.004 -14"><span class='ocrx_word' id='word_1_116' title='bbox 253 1743 326 1820; x_wconf 82' lang='lat' dir='ltr'>Qua</span> <span class='ocrx_word' id='word_1_117' title='bbox 347 1743 381 1806; x_wconf 91' lang='lat' dir='ltr'>in</span> <span class='ocrx_word' id='word_1_118' title='bbox 400 1762 434 1806; x_wconf 92' lang='lat' dir='ltr'>re</span> <span class='ocrx_word' id='word_1_119' title='bbox 456 1740 535 1805; x_wconf 93' lang='lat' dir='ltr'>illud</span> <span class='ocrx_word' id='word_1_120' title='bbox 568 1739 765 1823; x_wconf 88' lang='lat' dir='ltr'>potissimum</span> <span class='ocrx_word' id='word_1_121' title='bbox 799 1740 1006 1823; x_wconf 70' lang='lat' dir='ltr'>studebimus</span> <span class='ocrx_word' id='word_1_122' title='bbox 1041 1751 1085 1822; x_wconf 90' lang='lat' dir='ltr'>ut,</span> <span class='ocrx_word' id='word_1_123' title='bbox 1119 1747 1270 1822; x_wconf 91' lang='lat' dir='ltr'>quantum</span> <span class='ocrx_word' id='word_1_124' title='bbox 1303 1740 1370 1806; x_wconf 91' lang='lat' dir='ltr'>fieri</span> 
     </span>
     <span class='ocr_line' id='line_1_16' title="bbox 152 1840 1370 1928; baseline -0.002 -18"><span class='ocrx_word' id='word_1_125' title='bbox 152 1845 277 1928; x_wconf 88' lang='lat' dir='ltr'>poterit,</span> <span class='ocrx_word' id='word_1_126' title='bbox 311 1844 447 1909; x_wconf 91' lang='lat' dir='ltr'>animum</span> <span class='ocrx_word' id='word_1_127' title='bbox 481 1864 501 1907; x_wconf 89' lang='lat' dir='ltr'>a</span> <span class='ocrx_word' id='word_1_128' title='bbox 534 1840 723 1906; x_wconf 90' lang='lat' dir='ltr'>coniecturis</span> <span class='ocrx_word' id='word_1_129' title='bbox 750 1850 932 1924; x_wconf 69' lang='lat' dir='ltr'>avocantes</span> <span class='ocrx_word' id='word_1_130' title='bbox 956 1862 1038 1925; x_wconf 90' lang='lat' dir='ltr'>quae</span> <span class='ocrx_word' id='word_1_131' title='bbox 1064 1864 1085 1907; x_wconf 93' lang='lat' dir='ltr'>a</span> <span class='ocrx_word' id='word_1_132' title='bbox 1106 1842 1183 1908; x_wconf 91' lang='lat' dir='ltr'>viris</span> <span class='ocrx_word' id='word_1_133' title='bbox 1206 1841 1307 1907; x_wconf 91' lang='lat' dir='ltr'>doctis</span> <span class='ocrx_word' id='word_1_134' title='bbox 1329 1842 1370 1908; x_wconf 87' lang='lat' dir='ltr'>do</span> 
     </span>
     <span class='ocr_line' id='line_1_17' title="bbox 152 1943 1370 2027; baseline 0 -18"><span class='ocrx_word' id='word_1_135' title='bbox 152 1947 232 2010; x_wconf 91' lang='lat' dir='ltr'>libro</span> <span class='ocrx_word' id='word_1_136' title='bbox 255 1945 462 2027; x_wconf 87' lang='lat' dir='ltr'>Theognideo</span> <span class='ocrx_word' id='word_1_137' title='bbox 483 1945 516 2008; x_wconf 91' lang='lat' dir='ltr'>in</span> <span class='ocrx_word' id='word_1_138' title='bbox 543 1943 703 2027; x_wconf 92' lang='lat' dir='ltr'>publicum</span> <span class='ocrx_word' id='word_1_139' title='bbox 737 1943 823 2008; x_wconf 89' lang='lat' dir='ltr'>edita</span> <span class='ocrx_word' id='word_1_140' title='bbox 855 1952 937 2025; x_wconf 87' lang='lat' dir='ltr'>sunt,</span> <span class='ocrx_word' id='word_1_141' title='bbox 971 1944 1004 2010; x_wconf 92' lang='lat' dir='ltr'>in</span> <span class='ocrx_word' id='word_1_142' title='bbox 1036 1944 1187 2010; x_wconf 90' lang='lat' dir='ltr'>iudicium</span> <span class='ocrx_word' id='word_1_143' title='bbox 1221 1964 1370 2009; x_wconf 88' lang='lat' dir='ltr'>vocemus</span> 
     </span>
     <span class='ocr_line' id='line_1_18' title="bbox 154 2045 1197 2129; baseline -0.004 -17"><span class='ocrx_word' id='word_1_144' title='bbox 154 2047 396 2129; x_wconf 88' lang='lat' dir='ltr'>doceamusque,</span> <span class='ocrx_word' id='word_1_145' title='bbox 421 2067 503 2128; x_wconf 91' lang='lat' dir='ltr'>quae</span> <span class='ocrx_word' id='word_1_146' title='bbox 527 2045 618 2110; x_wconf 89' lang='lat' dir='ltr'>nohis</span> <span class='ocrx_word' id='word_1_147' title='bbox 646 2054 741 2125; x_wconf 88' lang='lat' dir='ltr'>certa,</span> <span class='ocrx_word' id='word_1_148' title='bbox 769 2065 851 2128; x_wconf 88' lang='lat' dir='ltr'>quae</span> <span class='ocrx_word' id='word_1_149' title='bbox 879 2045 1000 2112; x_wconf 87' lang='lat' dir='ltr'>ineerta</span> <span class='ocrx_word' id='word_1_150' title='bbox 1020 2046 1197 2110; x_wconf 85' lang='lat' dir='ltr'>videantur.</span> 
     </span>
    </p>

    <p class='ocr_par' dir='ltr' id='par_1_5' title="bbox 108 2146 1372 3250">
     <span class='ocr_line' id='line_1_19' title="bbox 251 2146 1369 2232; baseline -0.002 -18"><span class='ocrx_word' id='word_1_151' title='bbox 251 2149 356 2230; x_wconf 85' lang='lat' dir='ltr'>Atque</span> <span class='ocrx_word' id='word_1_152' title='bbox 372 2148 506 2231; x_wconf 90' lang='lat' dir='ltr'>primum</span> <span class='ocrx_word' id='word_1_153' title='bbox 528 2147 696 2229; x_wconf 89' lang='lat' dir='ltr'>quaeritur,</span> <span class='ocrx_word' id='word_1_154' title='bbox 720 2167 793 2230; x_wconf 90' lang='lat' dir='ltr'>qua</span> <span class='ocrx_word' id='word_1_155' title='bbox 814 2167 852 2210; x_wconf 92' lang='lat' dir='ltr'>re</span> <span class='ocrx_word' id='word_1_156' title='bbox 876 2147 1068 2232; x_wconf 85' lang='lat' dir='ltr'>Theognis</span> <span class='ocrx_word' id='word_1_157' title='bbox 1091 2146 1282 2214; x_wconf 87' lang='lat' dir='ltr'>adductus</span> <span class='ocrx_word' id='word_1_158' title='bbox 1303 2149 1369 2231; x_wconf 88' lang='lat' dir='ltr'>sit,</span> 
     </span>
     <span class='ocr_line' id='line_1_20' title="bbox 151 2247 1371 2334; baseline -0.002 -18"><span class='ocrx_word' id='word_1_159' title='bbox 151 2261 190 2316; x_wconf 93' lang='lat' dir='ltr'>ut</span> <span class='ocrx_word' id='word_1_160' title='bbox 212 2249 380 2316; x_wconf 89' lang='lat' dir='ltr'>carmina</span> <span class='ocrx_word' id='word_1_161' title='bbox 403 2257 656 2332; x_wconf 88' lang='lat' dir='ltr'>componeret.</span> <span class='ocrx_word' id='word_1_162' title='bbox 701 2247 900 2330; x_wconf 81' lang='lat' dir='ltr'>Quamquam</span> <span class='ocrx_word' id='word_1_163' title='bbox 921 2248 1139 2332; x_wconf 87' lang='lat' dir='ltr'>indignatione</span> <span class='ocrx_word' id='word_1_164' title='bbox 1156 2258 1187 2314; x_wconf 90' lang='lat' dir='ltr'>et</span> <span class='ocrx_word' id='word_1_165' title='bbox 1202 2249 1258 2334; x_wconf 90' lang='lat' dir='ltr'>ira,</span> <span class='ocrx_word' id='word_1_166' title='bbox 1275 2271 1371 2334; x_wconf 91' lang='lat' dir='ltr'>quarn</span> 
     </span>
     <span class='ocr_line' id='line_1_21' title="bbox 155 2348 1372 2436; baseline -0.001 -19"><span class='ocrx_word' id='word_1_167' title='bbox 155 2352 334 2436; x_wconf 88' lang='lat' dir='ltr'>conceperit</span> <span class='ocrx_word' id='word_1_168' title='bbox 366 2371 406 2416; x_wconf 84' lang='lat' dir='ltr'>ex</span> <span class='ocrx_word' id='word_1_169' title='bbox 440 2351 555 2415; x_wconf 89' lang='lat' dir='ltr'>civium</span> <span class='ocrx_word' id='word_1_170' title='bbox 588 2348 779 2415; x_wconf 84' lang='lat' dir='ltr'>factionibus</span> <span class='ocrx_word' id='word_1_171' title='bbox 812 2358 844 2414; x_wconf 92' lang='lat' dir='ltr'>et</span> <span class='ocrx_word' id='word_1_172' title='bbox 871 2350 1050 2435; x_wconf 87' lang='lat' dir='ltr'>discordiis,</span> <span class='ocrx_word' id='word_1_173' title='bbox 1078 2372 1119 2416; x_wconf 85' lang='lat' dir='ltr'>err</span> <span class='ocrx_word' id='word_1_174' title='bbox 1142 2352 1318 2418; x_wconf 87' lang='lat' dir='ltr'>domestica</span> <span class='ocrx_word' id='word_1_175' title='bbox 1340 2359 1372 2418; x_wconf 92' lang='lat' dir='ltr'>et</span> 
     </span>
     <span class='ocr_line' id='line_1_22' title="bbox 108 2451 1370 2538; baseline 0 -20"><span class='ocrx_word' id='word_1_176' title='bbox 108 2451 112 2456; x_wconf 80' lang='grc'><strong>’</strong></span> <span class='ocrx_word' id='word_1_177' title='bbox 155 2452 284 2538; x_wconf 91' lang='lat' dir='ltr'>publica</span> <span class='ocrx_word' id='word_1_178' title='bbox 306 2453 405 2534; x_wconf 88' lang='lat' dir='ltr'>clade,</span> <span class='ocrx_word' id='word_1_179' title='bbox 428 2461 464 2516; x_wconf 88' lang='lat' dir='ltr'>ut</span> <span class='ocrx_word' id='word_1_180' title='bbox 486 2461 594 2518; x_wconf 90' lang='lat' dir='ltr'>censet</span> <span class='ocrx_word' id='word_1_181' title='bbox 622 2451 846 2534; x_wconf 88' lang='lat' dir='ltr'>Welekerus,¹)</span> <span class='ocrx_word' id='word_1_182' title='bbox 880 2453 921 2516; x_wconf 89' lang='lat' dir='ltr'>ad</span> <span class='ocrx_word' id='word_1_183' title='bbox 953 2473 1063 2519; x_wconf 92' lang='lat' dir='ltr'>versus</span> <span class='ocrx_word' id='word_1_184' title='bbox 1095 2453 1262 2520; x_wconf 89' lang='lat' dir='ltr'>faciendos</span> <span class='ocrx_word' id='word_1_185' title='bbox 1299 2473 1370 2520; x_wconf 88' lang='lat' dir='ltr'>cum</span> 
     </span>
     <span class='ocr_line' id='line_1_23' title="bbox 155 2553 1371 2639; baseline 0.001 -18"><span class='ocrx_word' id='word_1_186' title='bbox 155 2576 228 2621; x_wconf 86' lang='lat' dir='ltr'>esse</span> <span class='ocrx_word' id='word_1_187' title='bbox 250 2555 414 2637; x_wconf 91' lang='lat' dir='ltr'>impulsum</span> <span class='ocrx_word' id='word_1_188' title='bbox 438 2573 566 2639; x_wconf 88' lang='lat' dir='ltr'>prorsus</span> <span class='ocrx_word' id='word_1_189' title='bbox 588 2553 697 2636; x_wconf 79' lang='lat' dir='ltr'>negari</span> <span class='ocrx_word' id='word_1_190' title='bbox 724 2575 787 2619; x_wconf 93' lang='lat' dir='ltr'>non</span> <span class='ocrx_word' id='word_1_191' title='bbox 813 2561 927 2636; x_wconf 89' lang='lat' dir='ltr'>potest,</span> <span class='ocrx_word' id='word_1_192' title='bbox 955 2565 1060 2622; x_wconf 86' lang='lat' dir='ltr'>tamen</span> <span class='ocrx_word' id='word_1_193' title='bbox 1087 2576 1183 2620; x_wconf 87' lang='lat' dir='ltr'>unam</span> <span class='ocrx_word' id='word_1_194' title='bbox 1205 2577 1275 2621; x_wconf 89' lang='lat' dir='ltr'>earn</span> <span class='ocrx_word' id='word_1_195' title='bbox 1299 2578 1371 2622; x_wconf 90' lang='lat' dir='ltr'>cau-</span> 
     </span>
     <span class='ocr_line' id='line_1_24' title="bbox 154 2655 1370 2741; baseline 0.001 -18"><span class='ocrx_word' id='word_1_196' title='bbox 154 2679 223 2724; x_wconf 88' lang='lat' dir='ltr'>sam</span> <span class='ocrx_word' id='word_1_197' title='bbox 256 2657 362 2737; x_wconf 91' lang='lat' dir='ltr'>fuisse,</span> <span class='ocrx_word' id='word_1_198' title='bbox 395 2676 506 2740; x_wconf 87' lang='lat' dir='ltr'>parurn</span> <span class='ocrx_word' id='word_1_199' title='bbox 539 2655 702 2739; x_wconf 89' lang='lat' dir='ltr'>probabile</span> <span class='ocrx_word' id='word_1_200' title='bbox 731 2664 779 2720; x_wconf 88' lang='lat' dir='ltr'>est</span> <span class='ocrx_word' id='word_1_201' title='bbox 813 2663 845 2720; x_wconf 91' lang='lat' dir='ltr'>et</span> <span class='ocrx_word' id='word_1_202' title='bbox 878 2659 953 2739; x_wconf 89' lang='lat' dir='ltr'>quia</span> <span class='ocrx_word' id='word_1_203' title='bbox 979 2678 1036 2741; x_wconf 89' lang='lat' dir='ltr'>pro</span> <span class='ocrx_word' id='word_1_204' title='bbox 1065 2656 1120 2720; x_wconf 90' lang='lat' dir='ltr'>tali</span> <span class='ocrx_word' id='word_1_205' title='bbox 1142 2657 1284 2734; x_wconf 86' lang='lat' dir='ltr'>instituto</span> <span class='ocrx_word' id='word_1_206' title='bbox 1308 2679 1370 2724; x_wconf 92' lang='lat' dir='ltr'>non</span> 
     </span>
     <span class='ocr_line' id='line_1_25' title="bbox 153 2757 1371 2844; baseline 0.002 -19"><span class='ocrx_word' id='word_1_207' title='bbox 153 2759 232 2825; x_wconf 88' lang='lat' dir='ltr'>satis</span> <span class='ocrx_word' id='word_1_208' title='bbox 255 2757 363 2822; x_wconf 90' lang='lat' dir='ltr'>acerbi</span> <span class='ocrx_word' id='word_1_209' title='bbox 386 2766 417 2822; x_wconf 90' lang='lat' dir='ltr'>et</span> <span class='ocrx_word' id='word_1_210' title='bbox 438 2757 603 2822; x_wconf 88' lang='lat' dir='ltr'>mordaces</span> <span class='ocrx_word' id='word_1_211' title='bbox 627 2757 696 2824; x_wconf 86' lang='lat' dir='ltr'>eius</span> <span class='ocrx_word' id='word_1_212' title='bbox 719 2777 830 2824; x_wconf 88' lang='lat' dir='ltr'>versus</span> <span class='ocrx_word' id='word_1_213' title='bbox 858 2757 1006 2823; x_wconf 87' lang='lat' dir='ltr'>videntur</span> <span class='ocrx_word' id='word_1_214' title='bbox 1032 2765 1064 2822; x_wconf 91' lang='lat' dir='ltr'>et</span> <span class='ocrx_word' id='word_1_215' title='bbox 1090 2757 1176 2841; x_wconf 86' lang='lat' dir='ltr'>quod</span> <span class='ocrx_word' id='word_1_216' title='bbox 1208 2759 1277 2844; x_wconf 89' lang='lat' dir='ltr'>ipse</span> <span class='ocrx_word' id='word_1_217' title='bbox 1300 2782 1371 2826; x_wconf 88' lang='lat' dir='ltr'>earn</span> 
     </span>
     <span class='ocr_line' id='line_1_26' title="bbox 153 2859 1371 2944; baseline 0.003 -20"><span class='ocrx_word' id='word_1_218' title='bbox 153 2883 220 2926; x_wconf 90' lang='lat' dir='ltr'>rem</span> <span class='ocrx_word' id='word_1_219' title='bbox 242 2859 328 2924; x_wconf 92' lang='lat' dir='ltr'>nullo</span> <span class='ocrx_word' id='word_1_220' title='bbox 349 2879 446 2924; x_wconf 83' lang='lat' dir='ltr'>uersu</span> <span class='ocrx_word' id='word_1_221' title='bbox 467 2859 593 2942; x_wconf 83' lang='lat' dir='ltr'>indicat,</span> <span class='ocrx_word' id='word_1_222' title='bbox 618 2859 806 2924; x_wconf 88' lang='lat' dir='ltr'>eontrarium</span> <span class='ocrx_word' id='word_1_223' title='bbox 828 2882 890 2924; x_wconf 91' lang='lat' dir='ltr'>nou</span> <span class='ocrx_word' id='word_1_224' title='bbox 913 2861 958 2923; x_wconf 90' lang='lat' dir='ltr'>ita</span> <span class='ocrx_word' id='word_1_225' title='bbox 980 2859 1098 2942; x_wconf 85' lang='lat' dir='ltr'>paucis.</span> <span class='ocrx_word' id='word_1_226' title='bbox 1142 2859 1175 2923; x_wconf 83' lang='lat' dir='ltr'>si</span> <span class='ocrx_word' id='word_1_227' title='bbox 1195 2860 1371 2944; x_wconf 87' lang='lat' dir='ltr'>indignatio</span> 
     </span>
     <span class='ocr_line' id='line_1_27' title="bbox 156 2960 1372 3044; baseline 0.004 -20"><span class='ocrx_word' id='word_1_228' title='bbox 156 2981 265 3026; x_wconf 91' lang='lat' dir='ltr'>versus</span> <span class='ocrx_word' id='word_1_229' title='bbox 297 2960 436 3044; x_wconf 87' lang='lat' dir='ltr'>fecisset,</span> <span class='ocrx_word' id='word_1_230' title='bbox 471 2961 497 3026; x_wconf 92' lang='lat' dir='ltr'>si</span> <span class='ocrx_word' id='word_1_231' title='bbox 530 2961 562 3025; x_wconf 95' lang='lat' dir='ltr'>id</span> <span class='ocrx_word' id='word_1_232' title='bbox 587 2960 723 3043; x_wconf 84' lang='lat' dir='ltr'>egisset,</span> <span class='ocrx_word' id='word_1_233' title='bbox 756 2971 790 3026; x_wconf 93' lang='lat' dir='ltr'>ut</span> <span class='ocrx_word' id='word_1_234' title='bbox 823 2961 1012 3026; x_wconf 90' lang='lat' dir='ltr'>carminibus</span> <span class='ocrx_word' id='word_1_235' title='bbox 1045 2960 1123 3024; x_wconf 87' lang='lat' dir='ltr'>iram</span> <span class='ocrx_word' id='word_1_236' title='bbox 1148 2960 1315 3044; x_wconf 90' lang='lat' dir='ltr'>odiumque</span> <span class='ocrx_word' id='word_1_237' title='bbox 1338 2965 1372 3028; x_wconf 91' lang='lat' dir='ltr'>in</span> 
     </span>
     <span class='ocr_line' id='line_1_28' title="bbox 158 3061 1372 3148; baseline 0.003 -22"><span class='ocrx_word' id='word_1_238' title='bbox 158 3063 326 3146; x_wconf 88' lang='lat' dir='ltr'>populares</span> <span class='ocrx_word' id='word_1_239' title='bbox 360 3063 548 3146; x_wconf 72' lang='lat' dir='ltr'>effunderet,</span> <span class='ocrx_word' id='word_1_240' title='bbox 582 3061 667 3128; x_wconf 90' lang='lat' dir='ltr'>uude</span> <span class='ocrx_word' id='word_1_241' title='bbox 699 3071 765 3128; x_wconf 90' lang='lat' dir='ltr'>turn</span> <span class='ocrx_word' id='word_1_242' title='bbox 799 3063 961 3128; x_wconf 88' lang='lat' dir='ltr'>facultatis</span> <span class='ocrx_word' id='word_1_243' title='bbox 994 3062 1137 3146; x_wconf 84' lang='lat' dir='ltr'>poeticae</span> <span class='ocrx_word' id='word_1_244' title='bbox 1166 3063 1249 3127; x_wconf 87' lang='lat' dir='ltr'>haud</span> <span class='ocrx_word' id='word_1_245' title='bbox 1271 3085 1372 3148; x_wconf 85' lang='lat' dir='ltr'>parva</span> 
     </span>
     <span class='ocr_line' id='line_1_29' title="bbox 159 3162 1371 3250; baseline 0.002 -22"><span class='ocrx_word' id='word_1_246' title='bbox 159 3163 353 3229; x_wconf 88' lang='lat' dir='ltr'>conscientia</span> <span class='ocrx_word' id='word_1_247' title='bbox 375 3175 406 3230; x_wconf 93' lang='lat' dir='ltr'>et</span> <span class='ocrx_word' id='word_1_248' title='bbox 429 3166 532 3246; x_wconf 89' lang='lat' dir='ltr'>elati0,</span> <span class='ocrx_word' id='word_1_249' title='bbox 555 3185 637 3248; x_wconf 85' lang='lat' dir='ltr'>quae</span> <span class='ocrx_word' id='word_1_250' title='bbox 660 3173 744 3229; x_wconf 89' lang='lat' dir='ltr'>certe</span> <span class='ocrx_word' id='word_1_251' title='bbox 768 3164 966 3247; x_wconf 87' lang='lat' dir='ltr'>conspicitur,</span> <span class='ocrx_word' id='word_1_252' title='bbox 989 3183 1060 3228; x_wconf 91' lang='lat' dir='ltr'>oum</span> <span class='ocrx_word' id='word_1_253' title='bbox 1081 3162 1157 3228; x_wconf 88' lang='lat' dir='ltr'>dicit</span> <span class='ocrx_word' id='word_1_254' title='bbox 1171 3185 1201 3230; x_wconf 94' lang='grc' dir='ltr'>ν.</span> <span class='ocrx_word' id='word_1_255' title='bbox 1218 3166 1279 3231; x_wconf 82' lang='grc'>369</span> <span class='ocrx_word' id='word_1_256' title='bbox 1296 3187 1371 3250; x_wconf 87' lang='lat' dir='ltr'>seq:</span> 
     </span>
    </p>

    <p class='ocr_par' dir='ltr' id='par_1_6' title="bbox 201 3265 1153 3448">
     <span class='ocr_line' id='line_1_30' title="bbox 201 3265 1153 3346; baseline 0 -18"><span class='ocrx_word' id='word_1_257' title='bbox 201 3269 379 3344; x_wconf 81' lang='grc' dir='ltr'>μωμεῦνται</span> <span class='ocrx_word' id='word_1_258' title='bbox 400 3269 435 3331; x_wconf 78' lang='grc' dir='ltr'>δέ</span> <span class='ocrx_word' id='word_1_259' title='bbox 458 3289 494 3346; x_wconf 91' lang='grc' dir='ltr'>με</span> <span class='ocrx_word' id='word_1_260' title='bbox 517 3268 637 3340; x_wconf 70' lang='grc' dir='ltr'>πολλοί,</span> <span class='ocrx_word' id='word_1_261' title='bbox 661 3267 749 3346; x_wconf 88' lang='grc' dir='ltr'>ὁμῶς</span> <span class='ocrx_word' id='word_1_262' title='bbox 772 3266 861 3328; x_wconf 80' lang='grc' dir='ltr'>κακοὶ</span> <span class='ocrx_word' id='word_1_263' title='bbox 882 3265 940 3342; x_wconf 77' lang='grc' dir='ltr'>ἠδὲ</span> <span class='ocrx_word' id='word_1_264' title='bbox 962 3266 1012 3328; x_wconf 87' lang='grc' dir='ltr'>καὶ</span> <span class='ocrx_word' id='word_1_265' title='bbox 1034 3265 1153 3329; x_wconf 79' lang='grc' dir='ltr'>ἐσθλοί.</span> 
     </span>
     <span class='ocr_line' id='line_1_31' title="bbox 201 3367 927 3448; baseline -0.001 -16"><span class='ocrx_word' id='word_1_266' title='bbox 201 3371 364 3448; x_wconf 85' lang='grc' dir='ltr'>μιμεῖσθαι</span> <span class='ocrx_word' id='word_1_267' title='bbox 385 3367 519 3447; x_wconf 80' lang='grc' dir='ltr'>δὀὐδεὶς</span> <span class='ocrx_word' id='word_1_268' title='bbox 540 3372 606 3432; x_wconf 83' lang='grc' dir='ltr'>τῶν</span> <span class='ocrx_word' id='word_1_269' title='bbox 628 3367 766 3448; x_wconf 87' lang='grc' dir='ltr'>ἀσόφων</span> <span class='ocrx_word' id='word_1_270' title='bbox 789 3368 927 3432; x_wconf 81' lang='grc' dir='ltr'>δύναται.</span> 
     </span>
    </p>

    <p class='ocr_par' dir='ltr' id='par_1_7' title="bbox 158 3469 1374 3960">
     <span class='ocr_line' id='line_1_32' title="bbox 259 3469 1373 3553; baseline 0.002 -19"><span class='ocrx_word' id='word_1_271' title='bbox 259 3470 350 3548; x_wconf 81' lang='lat' dir='ltr'>Quae</span> <span class='ocrx_word' id='word_1_272' title='bbox 372 3472 536 3553; x_wconf 86' lang='lat' dir='ltr'>quominus</span> <span class='ocrx_word' id='word_1_273' title='bbox 558 3469 599 3534; x_wconf 90' lang='lat' dir='ltr'>ad</span> <span class='ocrx_word' id='word_1_274' title='bbox 623 3470 718 3535; x_wconf 89' lang='lat' dir='ltr'>aliam</span> <span class='ocrx_word' id='word_1_275' title='bbox 739 3491 805 3536; x_wconf 92' lang='lat' dir='ltr'>rem</span> <span class='ocrx_word' id='word_1_276' title='bbox 827 3477 923 3552; x_wconf 88' lang='lat' dir='ltr'>atque</span> <span class='ocrx_word' id='word_1_277' title='bbox 945 3476 1045 3534; x_wconf 92' lang='lat' dir='ltr'>artem</span> <span class='ocrx_word' id='word_1_278' title='bbox 1064 3469 1220 3552; x_wconf 84' lang='lat' dir='ltr'>poeticam</span> <span class='ocrx_word' id='word_1_279' title='bbox 1236 3471 1373 3536; x_wconf 89' lang='lat' dir='ltr'>referan-</span> 
     </span>
     <span class='ocr_line' id='line_1_33' title="bbox 160 3571 1373 3656; baseline 0.002 -22"><span class='ocrx_word' id='word_1_280' title='bbox 160 3577 217 3652; x_wconf 90' lang='lat' dir='ltr'>tur,</span> <span class='ocrx_word' id='word_1_281' title='bbox 249 3571 433 3656; x_wconf 89' lang='lat' dir='ltr'>prohibetur</span> <span class='ocrx_word' id='word_1_282' title='bbox 465 3593 543 3637; x_wconf 87' lang='lat' dir='ltr'>voce</span> <span class='ocrx_word' id='word_1_283' title='bbox 576 3572 727 3652; x_wconf 83' lang='grc' dir='ltr'>ἀσόφων,</span> <span class='ocrx_word' id='word_1_284' title='bbox 762 3593 843 3654; x_wconf 88' lang='lat' dir='ltr'>quae</span> <span class='ocrx_word' id='word_1_285' title='bbox 882 3593 943 3638; x_wconf 87' lang='lat' dir='ltr'>vox</span> <span class='ocrx_word' id='word_1_286' title='bbox 981 3580 1015 3637; x_wconf 92' lang='lat' dir='ltr'>ut</span> <span class='ocrx_word' id='word_1_287' title='bbox 1052 3573 1130 3637; x_wconf 89' lang='lat' dir='ltr'>alias</span> <span class='ocrx_word' id='word_1_288' title='bbox 1165 3573 1267 3652; x_wconf 86' lang='grc' dir='ltr'>σοφία</span> <span class='ocrx_word' id='word_1_289' title='bbox 1294 3574 1373 3639; x_wconf 91' lang='lat' dir='ltr'>anti-</span> 
     </span>
     <span class='ocr_line' id='line_1_34' title="bbox 162 3673 1374 3758; baseline 0.001 -20"><span class='ocrx_word' id='word_1_290' title='bbox 162 3674 232 3754; x_wconf 87' lang='lat' dir='ltr'>quis</span> <span class='ocrx_word' id='word_1_291' title='bbox 254 3675 455 3758; x_wconf 89' lang='lat' dir='ltr'>temporibus,</span> <span class='ocrx_word' id='word_1_292' title='bbox 478 3674 616 3740; x_wconf 89' lang='lat' dir='ltr'>nondum</span> <span class='ocrx_word' id='word_1_293' title='bbox 640 3675 824 3740; x_wconf 88' lang='lat' dir='ltr'>florentibus</span> <span class='ocrx_word' id='word_1_294' title='bbox 847 3674 918 3739; x_wconf 90' lang='lat' dir='ltr'>aliis</span> <span class='ocrx_word' id='word_1_295' title='bbox 939 3673 1115 3757; x_wconf 89' lang='lat' dir='ltr'>sapientiae</span> <span class='ocrx_word' id='word_1_296' title='bbox 1138 3682 1192 3739; x_wconf 87' lang='lat' dir='ltr'>aut</span> <span class='ocrx_word' id='word_1_297' title='bbox 1212 3673 1374 3740; x_wconf 91' lang='lat' dir='ltr'>literarum</span> 
     </span>
     <span class='ocr_line' id='line_1_35' title="bbox 159 3775 1373 3861; baseline 0.003 -23"><span class='ocrx_word' id='word_1_298' title='bbox 159 3775 337 3858; x_wconf 63' lang='lat' dir='ltr'>generibus,</span> <span class='ocrx_word' id='word_1_299' title='bbox 360 3775 400 3840; x_wconf 90' lang='lat' dir='ltr'>de</span> <span class='ocrx_word' id='word_1_300' title='bbox 422 3776 528 3847; x_wconf 89' lang='lat' dir='ltr'>indole</span> <span class='ocrx_word' id='word_1_301' title='bbox 550 3777 676 3860; x_wconf 91' lang='lat' dir='ltr'>poetica</span> <span class='ocrx_word' id='word_1_302' title='bbox 699 3778 919 3861; x_wconf 89' lang='lat' dir='ltr'>usurpabatur.</span> <span class='ocrx_word' id='word_1_303' title='bbox 958 3777 997 3840; x_wconf 84' lang='lat' dir='ltr'>Et</span> <span class='ocrx_word' id='word_1_304' title='bbox 1013 3797 1160 3860; x_wconf 88' lang='lat' dir='ltr'>magnam</span> <span class='ocrx_word' id='word_1_305' title='bbox 1175 3775 1207 3840; x_wconf 92' lang='lat' dir='ltr'>in</span> <span class='ocrx_word' id='word_1_306' title='bbox 1223 3796 1260 3840; x_wconf 90' lang='lat' dir='ltr'>eo</span> <span class='ocrx_word' id='word_1_307' title='bbox 1276 3775 1373 3842; x_wconf 89' lang='lat' dir='ltr'>fuisse</span> 
     </span>
     <span class='ocr_line' id='line_1_36' title="bbox 158 3875 1373 3960; baseline 0.002 -20"><span class='ocrx_word' id='word_1_308' title='bbox 158 3875 337 3960; x_wconf 89' lang='lat' dir='ltr'>opinionem</span> <span class='ocrx_word' id='word_1_309' title='bbox 365 3877 405 3942; x_wconf 91' lang='lat' dir='ltr'>de</span> <span class='ocrx_word' id='word_1_310' title='bbox 431 3897 506 3943; x_wconf 86' lang='lat' dir='ltr'>voro</span> <span class='ocrx_word' id='word_1_311' title='bbox 529 3879 611 3942; x_wconf 90' lang='lat' dir='ltr'>vatis</span> <span class='ocrx_word' id='word_1_312' title='bbox 634 3879 739 3945; x_wconf 90' lang='lat' dir='ltr'>officio</span> <span class='ocrx_word' id='word_1_313' title='bbox 763 3886 794 3944; x_wconf 89' lang='lat' dir='ltr'>et</span> <span class='ocrx_word' id='word_1_314' title='bbox 815 3898 945 3942; x_wconf 91' lang='lat' dir='ltr'>munere</span> <span class='ocrx_word' id='word_1_315' title='bbox 969 3878 1072 3943; x_wconf 89' lang='lat' dir='ltr'>elucet</span> <span class='ocrx_word' id='word_1_316' title='bbox 1096 3898 1160 3942; x_wconf 82' lang='lat' dir='ltr'>eu.</span> <span class='ocrx_word' id='word_1_317' title='bbox 1192 3880 1252 3943; x_wconf 75' lang='grc'>769</span> <span class='ocrx_word' id='word_1_318' title='bbox 1275 3898 1373 3960; x_wconf 89' lang='lat' dir='ltr'>seqq:</span> 
     </span>
    </p>

    <p class='ocr_par' dir='ltr' id='par_1_8' title="bbox 200 3978 1146 4162">
     <span class='ocr_line' id='line_1_37' title="bbox 200 3978 1146 4058; baseline 0.002 -16"><span class='ocrx_word' id='word_1_319' title='bbox 200 3978 267 4056; x_wconf 88' lang='grc' dir='ltr'>Χρὴ</span> <span class='ocrx_word' id='word_1_320' title='bbox 292 3979 436 4043; x_wconf 83' lang='grc' dir='ltr'>Μουσῶν</span> <span class='ocrx_word' id='word_1_321' title='bbox 459 3980 639 4058; x_wconf 87' lang='grc' dir='ltr'>θεράποντα</span> <span class='ocrx_word' id='word_1_322' title='bbox 660 3982 711 4044; x_wconf 87' lang='grc' dir='ltr'>καὶ</span> <span class='ocrx_word' id='word_1_323' title='bbox 733 3980 869 4056; x_wconf 79' lang='grc' dir='ltr'>ἄγγελον</span> <span class='ocrx_word' id='word_1_324' title='bbox 890 3979 918 4043; x_wconf 90' lang='grc' dir='ltr'>εί</span> <span class='ocrx_word' id='word_1_325' title='bbox 939 4001 968 4043; x_wconf 91' lang='grc' dir='ltr'>τι</span> <span class='ocrx_word' id='word_1_326' title='bbox 989 3980 1146 4057; x_wconf 86' lang='grc' dir='ltr'>περισσόν</span> 
     </span>
     <span class='ocr_line' id='line_1_38' title="bbox 200 4080 868 4162; baseline 0.004 -18"><span class='ocrx_word' id='word_1_327' title='bbox 200 4080 295 4158; x_wconf 83' lang='grc' dir='ltr'>εἰδείη</span> <span class='ocrx_word' id='word_1_328' title='bbox 320 4081 449 4160; x_wconf 83' lang='grc' dir='ltr'>σοφίης,</span> <span class='ocrx_word' id='word_1_329' title='bbox 474 4083 513 4160; x_wconf 88' lang='grc' dir='ltr'>μὴ</span> <span class='ocrx_word' id='word_1_330' title='bbox 538 4083 701 4162; x_wconf 86' lang='grc' dir='ltr'>φθονερὸν</span> <span class='ocrx_word' id='word_1_331' title='bbox 722 4083 868 4153; x_wconf 81' lang='grc' dir='ltr'>τελέθειν,</span> 
     </span>
    </p>
   </div>
   <div class='ocr_carea' id='block_1_3' title="bbox 158 4200 362 4212">
    <p class='ocr_par' dir='ltr' id='par_1_9' title="bbox 158 4200 362 4212">
     <span class='ocr_line' id='line_1_39' title="bbox 158 4200 362 4212; baseline 0.01 -2"><span class='ocrx_word' id='word_1_332' title='bbox 158 4200 362 4212; x_wconf 50' lang='grc' dir='ltr'>-ῌ</span> 
     </span>
    </p>
   </div>
   <div class='ocr_carea' id='block_1_4' title="bbox 157 4234 1373 4394">
    <p class='ocr_par' dir='ltr' id='par_1_10' title="bbox 157 4234 1373 4394">
     <span class='ocr_line' id='line_1_40' title="bbox 265 4234 1373 4306; baseline 0 -16"><span class='ocrx_word' id='word_1_333' title='bbox 265 4235 286 4302; x_wconf 93' lang='lat' dir='ltr'>l)</span> <span class='ocrx_word' id='word_1_334' title='bbox 305 4236 442 4304; x_wconf 81' lang='lat' dir='ltr'>Welclrer,</span> <span class='ocrx_word' id='word_1_335' title='bbox 460 4235 624 4304; x_wconf 85' lang='lat' dir='ltr'>Theognidis</span> <span class='ocrx_word' id='word_1_336' title='bbox 640 4236 776 4306; x_wconf 86' lang='lat' dir='ltr'>reliquiae,</span> <span class='ocrx_word' id='word_1_337' title='bbox 788 4252 856 4292; x_wconf 87' lang='lat' dir='ltr'>novo</span> <span class='ocrx_word' id='word_1_338' title='bbox 870 4236 962 4291; x_wconf 89' lang='lat' dir='ltr'>ordine</span> <span class='ocrx_word' id='word_1_339' title='bbox 974 4236 1112 4305; x_wconf 83' lang='lat' dir='ltr'>disposuit,</span> <span class='ocrx_word' id='word_1_340' title='bbox 1125 4234 1373 4292; x_wconf 76' lang='lat' dir='ltr'>&#39;commentationem</span> 
     </span>
     <span class='ocr_line' id='line_1_41' title="bbox 157 4323 1195 4394; baseline -0.001 -14"><span class='ocrx_word' id='word_1_341' title='bbox 157 4323 279 4380; x_wconf 88' lang='lat' dir='ltr'>criticam</span> <span class='ocrx_word' id='word_1_342' title='bbox 298 4329 327 4378; x_wconf 90' lang='lat' dir='ltr'>et</span> <span class='ocrx_word' id='word_1_343' title='bbox 345 4329 422 4379; x_wconf 86' lang='lat' dir='ltr'>notas</span> <span class='ocrx_word' id='word_1_344' title='bbox 442 4323 548 4380; x_wconf 88' lang='lat' dir='ltr'>adiecit.</span> <span class='ocrx_word' id='word_1_345' title='bbox 589 4325 757 4380; x_wconf 83' lang='lat' dir='ltr'>Fraucofurt.</span> <span class='ocrx_word' id='word_1_346' title='bbox 795 4326 873 4380; x_wconf 83' lang='lat'><strong>1826.</strong></span> <span class='ocrx_word' id='word_1_347' title='bbox 909 4324 1036 4394; x_wconf 83' lang='lat' dir='ltr'>Prolegg.</span> <span class='ocrx_word' id='word_1_348' title='bbox 1055 4341 1081 4393; x_wconf 91' lang='lat' dir='ltr'>p.</span> <span class='ocrx_word' id='word_1_349' title='bbox 1099 4325 1195 4381; x_wconf 87' lang='lat' dir='ltr'>XVII.</span> 
     </span>
    </p>
   </div>
   <div class='ocr_carea' id='block_1_5' title="bbox 0 0 1667 4670">
    <p class='ocr_par' dir='ltr' id='par_1_11' title="bbox 0 0 1667 4670">
     <span class='ocr_line' id='line_1_42' title="bbox 0 0 1667 4670; baseline 0 0"><span class='ocrx_word' id='word_1_350' title='bbox 0 0 1667 4670; x_wconf 95' lang='lat' dir='ltr'> </span> 
     </span>
    </p>
   </div>
  </div>
 </body>
</html>
