3314 4670
674 213 861 276 ...7..‚

158 417 301 506 profiteri
324 415 458 496 videtur,
484 415 543 480 boo
564 413 606 478 ad
628 418 719 478 vetus
734 411 853 479 Dorum
869 412 1044 478 institutum
1058 412 1127 496 puri
1141 411 1377 495 veroeundique

160 539 330 607 puerorum
351 515 469 582 amoris
492 515 732 581 existimandum
755 516 833 579 est.“
877 512 943 579 Sed
966 513 1089 597 Cyrnus
1109 512 1171 592 ille,
1187 513 1258 596 quis
1273 512 1377 597 fuerit,

163 644 226 690 non
256 619 351 686 modo
384 618 537 682 intertum
570 624 627 698 est,
662 615 720 681 sed
753 614 849 680 etiam
882 635 997 680 nomen
1028 615 1141 699 ipsum,
1165 635 1314 680 verumne
1337 636 1378 680 an

162 726 267 790 fiotum
289 721 339 802 sit,
363 719 572 784 aWelokero
595 719 627 782 in
650 716 897 783 eontroversiam
918 723 1064 782 vouutnrn
1088 725 1144 783 est.
1191 717 1270 782 Oum
1294 716 1376 782 enirn

162 825 288 906 Snidas,
313 820 456 904 Pbodus,
476 819 654 904 Hesychius
677 819 815 903 Cyrnum
839 817 1036 900 Theognidis
1058 817 1191 884 delinias
1206 820 1378 904 appellent,

162 924 379 1004 Welekerus⁴l
401 927 506 1004 negat,
531 922 629 1000 Κύρνε
653 941 722 988 esse
744 941 860 986 nomen
881 919 1052 1003 proprium,
1068 919 1125 985 sed
1140 921 1377 1005 appellativum,

159 1027 249 1114 quod
273 1031 363 1091 sonet
384 1022 449 1090 iere
472 1021 543 1086 fili.
588 1021 681 1100 Quod
692 1022 787 1088 bodie
801 1021 929 1103 nemini,
946 1020 1049 1104 oredo,
1063 1021 1199 1086 virorum
1215 1022 1378 1089 doctorum

161 1130 327 1216 probatum
358 1145 423 1192 non
455 1132 506 1192 est
537 1123 640 1207 igitur,
674 1144 770 1190 eura
801 1122 893 1188 nobis
926 1123 1095 1188 refellatur.
1150 1124 1266 1188 Verum
1294 1124 1378 1190 idem

162 1229 351 1296 Welekerus
373 1227 406 1291 in
429 1225 568 1292 editione
591 1245 648 1291 sua
670 1226 765 1290 etiam
786 1245 919 1308 gnomas
942 1225 983 1290 ad
1005 1226 1217 1311 Polypardem
1242 1225 1378 1292 seiunxit

164 1333 206 1396 ab
229 1331 282 1412 eis,
305 1349 386 1412 quae
408 1327 508 1412 Cyrni
529 1349 645 1394 nomeu
666 1347 744 1411 prae
777 1347 812 1392 se
845 1326 959 1408 ferunt,
993 1328 1066 1392 lieet
1098 1328 1166 1411 ipse
1198 1327 1378 1409 fateatur·⁵):

164 1434 274 1517 „Quae
296 1429 497 1513 Polypaldae
529 1450 644 1494 nomen
676 1450 755 1514 prae
787 1451 821 1496 se
854 1430 958 1493 ferunt
979 1431 1166 1513 sententiae,
1190 1429 1380 1494 eonveninnt

127 1529 130 1534 ’
164 1554 220 1600 eae
253 1531 381 1615 quidem
416 1538 448 1595 et
480 1530 618 1595 diutione
651 1537 683 1596 et
715 1537 898 1613 argumento
931 1532 1081 1596 maiorem
1103 1531 1136 1595 in
1158 1529 1284 1596 modum
1308 1550 1379 1596 enm

162 1631 381 1716 Theognideis
403 1631 591 1714 quibusdam
614 1631 655 1697 ad
671 1632 842 1716 Cyrnum.“
878 1631 971 1710 Quod
986 1632 1110 1698 etiamsi
1125 1631 1268 1716 plerique
1284 1631 1378 1697 bodie

161 1744 281 1802 temere
303 1733 423 1798 fautum
445 1735 634 1816 existimant,
657 1741 764 1799 tamen
785 1733 872 1798 baud
894 1733 990 1798 dubie
1013 1739 1095 1815 sunt,
1119 1753 1201 1814 quae
1217 1733 1251 1800 in
1265 1741 1379 1800 utram-

163 1857 227 1920 que
250 1835 437 1901 sententiam
460 1835 574 1901 disseri
596 1835 727 1918 possint.
771 1835 855 1900 Num
869 1835 1006 1919 primum
1020 1841 1124 1918 potest
1139 1835 1287 1918 dubitari,
1304 1835 1380 1919 quid

163 1946 261 2023 poeta
293 1945 417 2002 seeutus
450 1936 500 2016 sit,
534 1957 604 2001 eum
637 1936 760 2002 duobus
792 1937 981 2017 nominibus,
1013 1955 1075 2001 nno
1108 1935 1245 2019 proprio,
1278 1936 1379 2002 altero

163 2038 392 2123 patronyrnioo,
416 2037 498 2121 quod
522 2038 643 2121 dieitur,
666 2046 814 2102 uteretur.
863 2037 956 2101 Dioet
984 2036 1152 2120 quispiam,
1179 2036 1212 2101 id
1240 2037 1325 2120 quod
1346 2039 1380 2104 in

162 2148 310 2226 promptu
333 2151 391 2222 est,
413 2139 538 2204 variare
561 2159 631 2204 eum
653 2139 791 2204 voluisse
814 2139 950 2204 nomina
1009 2137 1056 2202 Sit
1089 2138 1149 2202 boe
1181 2140 1237 2222 ita3
1260 2148 1293 2204 at
1316 2157 1379 2223 our,

162 2263 364 2327 quaesumus,
386 2262 450 2308 non
471 2241 607 2306 variavit
628 2247 733 2325 poeta,
755 2241 811 2305 ubi
833 2241 866 2305 in
888 2240 1002 2306 iisdem
1037 2239 1230 2306 carminibus
1252 2241 1302 2307 bis
1325 2250 1380 2308 aut

162 2353 211 2410 ter
234 2344 379 2410 continuo
403 2342 500 2426 Cyrni
521 2363 637 2409 nomen
658 2342 792 2425 legitur?
816 2363 870 2408 our
900 2363 965 2408 non
998 2340 1149 2425 saepius?
1182 2340 1308 2408 Deinde
1331 2363 1379 2408 su·

167 2446 340 2529 spinionem
362 2451 468 2522 movet
489 2465 552 2509 non
573 2446 686 2528 levem,
707 2444 790 2527 quod
807 2465 888 2526 quae
903 2443 1038 2509 disticha
1053 2442 1251 2528 Polypa'r'dae
1265 2465 1380 2510 nomen

166 2565 243 2631 prae
266 2565 301 2610 se
323 2545 435 2627 ferunt,
458 2565 612 2626 nusquam
633 2545 680 2610 ita
701 2545 868 2610 eoniunota
890 2553 921 2610 et
943 2544 1092 2626 colligata
1119 2554 1191 2609 sunt
1222 2565 1291 2610 oum
1326 2567 1378 2610 an-

165 2647 387 2714 tecedentibus
408 2654 463 2712 aut
484 2647 698 2730 sequentibus,
722 2655 755 2712 ut
778 2648 867 2712 salva
899 2647 1056 2711 sententia
1090 2667 1151 2711 uon
1183 2645 1306 2729 possint
1338 2648 1379 2712 ab

162 2751 205 2816 iis
229 2749 383 2834 separari.
426 2749 572 2831 Denique
595 2770 658 2813 non
683 2746 992 2832 praetermittendum
1022 2746 1155 2829 videtur,
1178 2768 1249 2812 eum
1271 2749 1380 2816 novies

164 2850 362 2936 Polypa'r'dae
384 2871 499 2916 nomen
519 2852 650 2933 legatur,
674 2849 758 2932 quod
780 2857 843 2914 tres
866 2850 927 2915 looi
949 2849 995 2914 ita
1021 2850 1192 2934 comparati
1220 2859 1303 2932 sunt,
1327 2851 1379 2933 qui
1481 2888 1483 2893 ·

168 2972 240 3017 num
262 2953 391 3036 genuini
413 2952 530 3028 sintin
552 2951 779 3017 dubitationem
800 2951 939 3016 veniant.
991 2950 1044 3016 Bis
1068 2951 1150 3016 enim
1174 2971 1212 3016 eo
1235 2949 1378 3034 distieb0,

167 3073 229 3136 qno
255 3055 447 3139 Polypa'r'des
475 3054 686 3138 eompellatnr,
719 3052 811 3136 quasi
842 3051 1052 3135 respondetur
1077 3059 1190 3135 poetae
1216 3053 1258 3118 ab
1281 3052 1380 3119 altero

166 3154 210 3220 ad
242 3175 290 3237 ea,
323 3177 404 3239 quae
437 3164 511 3222 ante
544 3155 625 3221 dixit
658 3159 701 3238 (v.
735 3158 789 3221 25:
823 3155 920 3218 οὐδὲν
955 3154 1148 3231 θαυμαστόν,
1182 3154 1379 3232 Πολυπαῖδη,

164 3277 195 3322 v.
220 3257 295 3322 191:
315 3257 402 3326 ,οὕτω
425 3260 466 3336 μὴ
498 3259 636 3335 θαύμαζε
669 3258 770 3336 γένος,
804 3257 883 3320 Πολ.
916 3257 1002 3337 aab).
1045 3275 1074 3321 v.
1108 3258 1149 3321 57
1182 3263 1288 3320 autem
1320 3257 1381 3322 boe

165 3377 282 3423 nomen
313 3361 485 3444 posteriore
517 3366 659 3444 tempore
690 3359 840 3424 insertum
868 3357 993 3422 videtur
1015 3364 1047 3420 et
1068 3356 1102 3421 bi
1123 3377 1233 3422 versus
1256 3357 1317 3422 bue
1338 3359 1380 3422 ab
1496 3397 1498 3402 -

168 3459 228 3525 alio
250 3459 320 3526 loeo
343 3463 388 3547 (u.
415 3461 496 3526 1109
518 3463 622 3544 seqq.)
644 3459 741 3526 delati
764 3478 843 3524 esse.

267 3561 341 3627 Non
372 3568 480 3628 tamen
512 3563 612 3628 ausim
645 3563 725 3628 haee
756 3581 814 3646 pro
843 3560 937 3626 sertis
960 3567 992 3625 et
1014 3559 1186 3645 exploratis
1208 3558 1380 3644 affirmare3

169 3681 240 3726 nam
260 3683 325 3728 non
347 3662 469 3746 desunt,
492 3661 606 3746 quibus
629 3663 671 3728 ad
693 3662 881 3728 contrariam
904 3661 1092 3727 sententiam
1113 3659 1318 3726 adducamur.

268 3765 384 3832 Versus
418 3765 501 3830 enim
525 3765 584 3832 191
607 3784 673 3847 seq.
695 3764 841 3830 versibus
866 3765 926 3829 183
948 3783 1035 3848 seqq.
1057 3763 1121 3828 iam
1143 3761 1282 3845 antiquis
1303 3768 1381 3827 tem-

166 3863 297 3948 poribus
330 3865 513 3932 subiunetos
547 3865 646 3930 fuisse
679 3873 812 3950 apparet
844 3886 883 3930 ex
916 3866 985 3931 loeo
1018 3865 1259 3949 Xenophonteo,
1288 3881 1380 3946 quem

164 3965 249 4030 infra
280 3969 457 4034 afferemus.
520 3969 691 4033 Praeterea
722 3967 865 4032 mirabile
897 3966 1033 4050 videtur,
1066 3965 1150 4049 quod
1182 3963 1381 4048 Polypat‘dae

165 4089 289 4152 nomen,
314 4089 384 4134 oum
405 4070 518 4136 novies
540 4070 676 4150 omnino,
698 4077 732 4132 ut
754 4069 899 4151 diximus,
920 4067 1108 4148 inveniatur,
1136 4065 1253 4150 septies
1268 4065 1382 4163 legitur

272 4223 296 4292 ⁴)
312 4225 332 4280 1.
350 4223 369 4279 l.
387 4241 413 4295 p.
432 4225 596 4282 LXXVIII.

273 4312 295 4378 δ)
313 4312 331 4368 l.
350 4313 368 4368 l.
386 4331 412 4382 p.
432 4314 461 4370 (l.
