3314 4670
601 221 802 288 ..33-

193 419 284 486 Haec
305 419 431 504 quidem
454 421 608 488 hactenus
630 420 671 486 de
693 421 824 504 ratione,
848 441 910 505 qua
931 427 1069 489 nostram
1091 421 1310 492 collectionem

92 521 270 588 confectam
294 541 365 587 esse
387 530 543 605 putamus.
588 522 704 606 Magna
723 521 838 588 deinde
859 523 1003 606 quaestio
1018 529 1076 606 est,
1092 544 1154 606 quo
1169 531 1310 609 tempore
1335 537 1337 544 '

93 645 166 689 eam
200 623 405 707 compositam
439 643 633 688 censeamus.
689 626 793 704 Atque
817 625 857 690 de
880 626 995 689 haere
1017 645 1133 708 magna
1155 625 1310 692 dissensio

95 733 146 790 ost
167 725 246 789 inter
267 724 353 790 viros
376 724 496 790 doctos.
553 727 631 790 Cum
666 725 748 790 enim
781 726 969 792 Welckerus
1000 747 1070 791 eam
1104 747 1192 810 aevo,
1226 727 1310 812 quod

95 827 210 892 dieitur
242 827 498 912 Byzantinorum,
530 825 676 890 videatur
706 828 854 910 tribuere,
889 829 1088 913 Bergkiusu)
1116 827 1309 894 haecdicit:

95 930 171 1012 „Ich
193 930 320 1012 glaube,
342 930 383 992 im
408 936 512 993 ersten
533 927 748 993 Jahrhundert
770 929 851 994 nach
879 930 996 994 Christi
1027 930 1148 996 Gehurt
1169 929 1247 994 oder
1267 930 1310 994 im

94 1031 244 1114 Anfange
277 1031 333 1097 des
366 1031 499 1096 zweiten
531 1030 574 1094 ist
606 1049 719 1095 unsere
741 1030 871 1114 Sylloge
894 1032 1091 1100 entstaudeu.
1136 1033 1310 1098 Athemdus

93 1132 291 1215 wenigstens
312 1132 434 1198 scheint
456 1151 514 1195 nur
536 1151 651 1196 unsere
673 1131 857 1216 Sammlung
879 1155 916 1198 zu
937 1135 1079 1201 kennen:
1102 1155 1168 1200 was
1190 1135 1242 1199 ich
1258 1133 1310 1198 ein

94 1235 197 1299 ander
219 1235 281 1299 Mal
303 1253 443 1317 genauer
464 1254 503 1298 zu
526 1233 679 1299 erweisen
700 1234 856 1316 gedenke.
902 1238 1014 1302 Neben
1038 1238 1143 1303 dieser
1165 1237 1309 1320 Epitome

96 1355 172 1418 mag
194 1335 260 1401 sich
283 1335 449 1401 immerhin
471 1334 529 1399 der
550 1334 760 1420 vollstandige
782 1337 944 1420 Theognis
966 1340 1049 1404 noeh
1071 1338 1142 1404 eine
1165 1337 1310 1419 Zeitlang

97 1436 240 1502 erhalten
265 1437 380 1519 haben,
402 1441 440 1521 ja
463 1458 497 1502 er
518 1438 562 1502 ist
584 1459 679 1520 sogar
701 1439 775 1503 sehr
796 1439 1056 1505 wahrscheinlich
1078 1461 1140 1505 von
1163 1445 1311 1524 spateren

99 1539 331 1605 Diaskenasteu
353 1557 407 1604 zur
429 1540 751 1623 Vervollstdndigung
775 1541 832 1605 der
847 1542 1168 1626 Gnomensammlung
1182 1543 1326 1610 beuutut.

98 1640 235 1724 worden,
262 1640 382 1724 gerieth
410 1642 486 1706 aher
512 1643 554 1705 im
578 1642 679 1706 Laufe
702 1641 758 1706 der
780 1643 850 1706 Zeit
871 1663 953 1726 ganz
974 1642 1006 1708 in
1029 1643 1309 1728 Vergessenheit.“

96 1743 186 1807 Idem
209 1743 272 1807 alio
294 1742 408 1828 loco¹')
430 1743 463 1808 in
486 1743 619 1808 eandem
646 1743 834 1809 senteutiam
868 1745 995 1810 disserit
1027 1747 1119 1812 haec:
1152 1745 1309 1812 Stobaeus

95 1845 174 1909 nihil
196 1843 260 1908 nisi
281 1843 364 1907 hano
386 1844 598 1910 collectionem
623 1845 717 1928 novit,
741 1847 850 1916 codiee
871 1853 991 1912 tantum
1014 1867 1090 1914 usus
1112 1847 1215 1932 magis
1231 1847 1311 1912 inte·

98 1967 169 2028 gr03
192 1965 251 2009 nec
274 1943 454 2010 Athenaeus
477 1946 550 2031 ipsa
572 1948 768 2031 Theognidis
802 1949 942 2012 carmina
974 1969 1144 2034 usurpasse
1176 1949 1308 2015 videtur.

98 2046 252 2128 Equidem
277 2067 392 2112 censeo
414 2047 583 2114 admodum
606 2050 766 2132 antiquam
782 2070 852 2115 esse
875 2051 958 2116 hano
973 2053 1127 2135 syllogeu,
1142 2071 1224 2134 quae
1239 2068 1308 2115 cum

94 2149 126 2213 in
149 2149 286 2214 omnium
311 2156 398 2215 esset
419 2150 565 2215 monibus
588 2151 701 2232 effecit,
722 2158 757 2215 ut
778 2158 899 2216 mature
932 2172 1082 2234 germana
1115 2151 1309 2237 Theognidis

92 2251 233 2316 carmina
255 2251 416 2317 oblivione
437 2253 673 2318 obruerentur.“
720 2256 824 2334 Atque
852 2254 1051 2320 Nietzschius
1078 2255 1212 2338 quidem.
1227 2274 1307 2334 oum,

93 2352 177 2435 quod
211 2353 346 2435 Bergkio
380 2353 420 2418 de
452 2353 591 2420 Stobaeo
623 2356 758 2435 ridetur,
792 2376 855 2420 non
887 2356 981 2421 modo
1014 2358 1136 2440 probet,
1159 2356 1217 2422 sed
1239 2356 1307 2439 ipse

94 2457 188 2519 etiam
220 2453 311 2519 novis
343 2456 534 2536 argumentis
569 2457 738 2539 confirmet,
773 2457 917 2522 refellere
951 2459 1029 2523 illud
1066 2458 1106 2524 de
1142 2458 1308 2522 Athenaeo

92 2555 199 2622 studet
221 2555 411 2638 argumentis
433 2575 522 2639 usus,
546 2567 581 2623 ut
603 2557 678 2622 mihi
698 2557 831 2641 videtur,
854 2559 985 2625 nonita
1008 2560 1115 2627 firmis.
1169 2557 1235 2625 sed
1267 2558 1307 2624 de

91 2657 152 2722 hac
175 2677 209 2723 re
231 2658 356 2741 postea!
411 2658 471 2722 Hie
499 2660 672 2742 videamus,
708 2681 761 2724 our
794 2661 932 2726 Stobaeo
965 2663 1044 2726 nihil
1076 2661 1137 2728 nisi
1169 2670 1307 2727 nostram

90 2759 234 2844 syllogen
256 2759 288 2822 iu
311 2759 459 2826 manibus
479 2759 578 2826 fuisse
601 2763 793 2828 censendum
820 2764 870 2830 sit.
926 2765 996 2843 Qua
1022 2764 1055 2828 in
1082 2783 1116 2828 re
1140 2764 1235 2847 plane
1259 2784 1306 2845 ea,

92 2880 174 2940 quae
193 2860 396 2926 Nietzschius
418 2859 619 2949 disseruit,²²)
642 2885 818 2946 sequemur.
862 2866 997 2930 Primum
1027 2887 1137 2932 versus
1171 2864 1306 2947 Solonis,

93 2959 146 3040 qui
171 2962 253 3026 male
280 2964 313 3027 in
340 2972 481 3030 nostrum
514 2963 627 3030 librum
663 2965 762 3031 delati
795 2974 877 3050 sunt,
910 2988 930 3031 a
963 2967 1104 3033 Stobaeo
1137 2969 1308 3032 afferuntur

90 3063 240 3127 lemmate
261 3063 401 3149 inseripti
424 3066 611 3145 Θεόγνιδος
646 3067 760 3133 deinde
794 3087 856 3150 quo
889 3068 997 3133 ordine
1019 3069 1171 3151 reliquiae
1193 3070 1226 3133 in
1248 3069 1307 3134 hac

89 3164 278 3230 collectione
308 3165 464 3250 leguntur,
497 3170 609 3234 eodem
642 3170 727 3253 apud
754 3169 926 3235 Stobaeum
947 3171 1163 3255 inveniuntur3
1185 3178 1250 3236 tum
1273 3170 1308 3235 id

90 3265 177 3348 quod
200 3266 370 3332 maximum
393 3279 449 3351 est,
472 3270 592 3354 aliquot
613 3273 721 3352 verba,
745 3291 826 3354 quae
848 3272 934 3337 haud
961 3271 1057 3336 dubie
1091 3293 1130 3338 ex
1163 3273 1307 3356 genuinis

92 3375 285 3432 commutata
307 3376 396 3433 erant
418 3390 455 3435 eo
478 3372 616 3453 consilio,
641 3379 675 3438 ut
696 3372 1009 3439 accommodarentur
1035 3373 1075 3438 ad
1098 3395 1212 3440 novam
1234 3374 1306 3438 libri

93 3470 253 3551 rationem,
278 3489 359 3554 quae
382 3471 486 3554 posita
508 3475 630 3539 eratin
663 3475 793 3558 paribus
825 3476 988 3542 vocabulis
1020 3477 1193 3542 carminum
1225 3477 1308 3541 inter

92 3590 128 3633 se
162 3571 399 3656 excipientium,
436 3573 509 3638 item
549 3583 740 3642 commutata
775 3576 861 3660 apud
898 3577 1072 3643 stobaeum
1107 3579 1305 3661 leguntur.²³)

90 3671 177 3753 llrgo
199 3692 258 3736 non
282 3673 412 3738 dubium
435 3685 492 3758 est,
515 3677 592 3758 quin
615 3678 773 3744 Stobaeus
796 3679 856 3743 hac
878 3686 985 3744 nostra
1014 3680 1136 3763 sylloge
1158 3680 1200 3746 sit
1220 3701 1305 3747 usus.

197 3771 282 3837 Idem
305 3775 345 3840 de
369 3777 486 3861 Cyrillo
510 3786 542 3842 et
560 3778 688 3844 Juliano
703 3789 845 3864 negatur,
862 3781 976 3864 quibus
991 3782 1074 3847 hanc
1089 3782 1306 3847 collectionem

86 3875 232 3957 ignotam
261 3875 360 3944 fuisse
387 3879 548 3944 Weloheri
574 3882 732 3946 sententia
753 3884 846 3948 nixus
869 3883 1070 3950 Nietuschlus
1093 3885 1306 3968 contendit.²⁴)

144 4036 154 4044 ·
197 4012 231 4078 ²⁰)
249 4014 278 4097 in
295 4013 364 4070 Mus.
383 4015 470 4071 Rhen.
490 4017 558 4073 Nor.
577 4017 624 4072 m
642 4035 668 4086 p.
686 4021 747 4074 406.

195 4084 229 4150 2¹)
248 4101 276 4140 m
294 4085 438 4142 Poetarum
457 4089 598 4156 lyricorum
618 4091 650 4144 ed
668 4089 758 4159 1111».
777 4093 838 4146 566.

197 4158 231 4223 2²)
249 4157 268 4211 l.
286 4158 304 4211 l.
322 4175 348 4225 p.
369 4161 420 4212 183
439 4175 493 4226 seq.

194 4227 230 4366 Ἐξ
248 4228 326 4355 fhlv.
346 4233 470 4356 &iiii-32
489 4235 517 4285 et
535 4233 666 4287 315-18.

259 4340 267 4378 3
296 4317 348 4370 .p.
438 4317 493 4370 seq.
