3314 4670
663 149 868 214 ...53...,

155 367 226 412 oum
248 346 371 412 illorum
393 353 533 413 veterem
556 347 742 432 dignitatem
765 356 796 413 et
818 349 1028 434 principatum
1044 348 1184 413 minuere
1199 348 1368 413 videretur.

152 449 240 514 Fieri
269 469 393 531 quoque
415 456 548 534 poterat,
571 456 667 514 utne
689 449 824 533 plebeiis
847 450 973 532 quidem
1006 449 1118 515 iisdem
1150 451 1245 515 robus
1279 450 1369 516 satis-

153 551 283 635 faceret,
306 571 377 616 eum
400 573 508 618 eorum
531 552 643 618 nimias
667 552 802 617 fortasse
827 551 1012 636 cupiditates
1033 551 1159 636 explere
1175 552 1259 617 nullo
1275 552 1368 617 modo

151 660 271 738 posset.
326 654 397 718 Vox
429 659 535 732 κακῶς
569 655 673 732 έρὺων
704 653 873 719 referenda
905 653 1031 718 uidetur
1064 652 1105 716 ad
1133 653 1292 718 severiora
1313 653 1369 718 illa

27 755 33 783 ¹
153 755 296 838 consilia,
310 756 423 838 quibus
445 756 596 823 utendum
619 764 696 838 orat,
709 755 737 821 si
760 755 886 821 omnino
909 775 1011 820 reruni
1040 754 1179 820 ordinem
1201 754 1382 819 restituere·

152 864 183 923 et
207 857 333 940 legibus
356 860 505 930 honorem
538 859 671 924 reddere
704 857 810 940 voluit,
845 864 879 922 ut
910 857 1018 939 voluit,
1050 856 1165 938 quibus
1188 865 1293 920 tamen
1316 855 1368 920 ille

151 959 270 1026 vindex
292 961 507 1043 neglectarum
531 960 667 1026 civitatis
690 960 795 1042 legum
811 959 879 1024 sive
894 979 913 1024 a
929 957 1087 1022 nobilibus
1103 958 1171 1022 sive
1193 979 1213 1022 a
1233 950 1368 1041 plebeiis

151 1083 273 1148 poenas
306 1063 444 1149 petebat,
478 1082 541 1128 non
573 1061 675 1143 magis
707 1068 909 1143 utrarumque
944 1060 1081 1144 partium
1117 1059 1251 1141 gratiam
1287 1059 1366 1124 iniit.

150 1163 265 1229 Neutri
286 1163 383 1246 igitur
404 1163 517 1229 civium
540 1162 623 1247 parti
646 1181 717 1226 eum
740 1161 925 1228 satisfacere
952 1161 1094 1246 potuisse
1117 1161 1286 1226 verisimile
1310 1170 1366 1245 est,

152 1283 342 1348 quamquam
364 1284 485 1332 summa
506 1264 652 1329 utebatur
684 1263 903 1348 temperantia,
939 1283 1009 1327 oum
1031 1263 1093 1327 vim
1116 1271 1147 1327 et
1169 1283 1256 1328 arma
1278 1262 1367 1326 adhi-

153 1365 227 1431 bere
248 1365 290 1430 ad
312 1387 360 1446 ea,
384 1387 464 1449 quae
486 1365 622 1443 volebat,
646 1361 838 1449 perficienda
858 1363 964 1430 nollet.
1009 1363 1079 1428 Huc
1101 1362 1268 1452 pertineqt,
1285 1385 1366 1447 quae

152 1474 277 1550 postero
298 1475 441 1553 tempore
464 1467 543 1532 dixit
565 1487 594 1530 ν.
618 1468 680 1532 949
702 1486 805 1548 seqq:

195 1569 318 1649 Νεβρὸν
339 1569 417 1637 ὑπὲξ
440 1569 575 1648 ἐλάφοιο
596 1569 680 1632 λέων
702 1568 748 1645 ὣς
770 1566 840 1631 ἀλκὶ
861 1570 1024 1646 πεποιθώς

192 1673 293 1736 ποσσὶ
314 1671 525 1751 καταμάρψας
547 1671 679 1750 αἳματος
702 1669 759 1733 οὑκ
782 1669 879 1733 ἔπιον.

192 1775 321 1853 τειχέων
343 1771 370 1837 δ’
391 1773 526 1852 ὑψηλῶν
549 1773 661 1851 ἐπιβὰς
682 1773 775 1836 πόλιν
798 1773 856 1835 οὐκ
879 1771 1031 1838 ἀλάπαξα·
1106 1757 1111 1768 ’

194 1874 382 1954 Ζευξάμενος
404 1872 432 1939 b’
451 1873 570 1952 ἵππους
593 1873 734 1952 ἅρματος
756 1874 814 1937 ούκ
837 1873 961 1953 ἐπέβην,

151 1976 264 2060 quibus
285 1975 319 2040 id
340 1977 417 2042 mihi
439 1973 544 2040 dicere
568 1975 701 2059 videtur,
721 1995 793 2041 sese
812 1974 859 2040 rei
874 1975 1021 2059 publicae
1036 1974 1240 2059 praefectum,
1257 1995 1364 2058 quam-

151 2099 245 2161 quam
278 2099 431 2144 summam
462 2077 586 2161 imperii
620 2085 749 2159 teneret,
782 2083 890 2140 tamen
921 2083 1079 2161 potestate
1108 2097 1128 2140 a
1154 2079 1270 2161 populo
1304 2078 1363 2143 sibi

149 2180 257 2247 delata
272 2175 320 2245 ¹ad
342 2179 559 2266 occupandam
592 2179 790 2264 tyrannidem
821 2178 911 2243 abuti
938 2178 1086 2261 noluisse,
1110 2179 1195 2262 qnod
1216 2179 1310 2244 facile
1333 2180 1363 2245 ei

149 2289 216 2346 tum
240 2281 388 2364 temporis
409 2282 509 2348 fuisse
532 2282 602 2364 quis
624 2302 687 2347 non
709 2281 816 2346 videt?
861 2281 909 2345 Ab
936 2279 1071 2345 inimicis
1099 2271 1204 2344 autem
1227 2301 1299 2345 eum
1322 2278 1361 2345 de

150 2381 283 2467 imperio
306 2401 375 2448 esse
397 2382 563 2469 depulsum
587 2403 761 2464 cognoscas
782 2391 823 2448 'ex
845 2405 874 2448 v.
899 2385 981 2450 1023
1003 2403 1084 2463 seq:

193 2483 318 2548 Ούποτε
340 2487 409 2562 τοῖς
431 2486 594 2564 ἐχθροῖσιν
616 2484 679 2547 ὑπὸ
702 2485 798 2558 Ζυγὸν
821 2485 938 2564 αὐχένα
961 2485 1056 2562 θήσω

191 2586 367 2667 δύσλοφον,
390 2584 460 2650 οὔθ’
482 2585 510 2650 εἴ
532 2606 583 2664 μοι
604 2584 738 2663 Τμῶλος
761 2587 868 2652 ἔπεστι
891 2585 979 2663 κάρη,

147 2689 174 2755 si
196 2687 366 2754 contuleris
389 2707 459 2752 oum
481 2708 509 2752 v.
531 2688 594 2751 447
617 2706 718 2769 seqq:
834 2679 839 2690 ’

191 2790 228 2853 Εἴ
250 2788 279 2869 μ’
301 2790 423 2865 ἐθέλεις
445 2787 573 2851 πλύνειν
595 2791 738 2866 κεφαλῆς
761 2786 911 2868 ἀμίαντον
933 2784 986 2850 ἀπ’
1007 2787 1108 2866 ἄκρης

192 2888 251 2953 αἰεὶ
272 2891 387 2954 λευκὸν
408 2888 497 2966 ὕδωρ
520 2887 666 2966 ῥεύσεται
688 2889 852 2968 ἡμετέρης.

192 2987 340 3069 εὑρήσεις
361 2992 397 3056 δέ
418 3011 456 3072 με
477 2991 575 3053 πᾶσιν
598 2987 645 3053 ἐπ’
667 2990 819 3069 ἔργμασιν
842 2990 952 3069 ὥσπερ
975 2990 1123 3070 ἄπεφθον
1200 3055 1202 3062 ,

191 3090 321 3169 χρυσόν.
342 3097 405 3156 κτλ.
429 3142 435 3157 .
458 3143 465 3156 .
489 3141 495 3154 .

250 3191 343 3257 Prius
376 3190 531 3258 distichon
564 3201 669 3259 utrum
692 3192 852 3278 scripserit
873 3192 1004 3258 florente
1026 3195 1059 3258 in
1081 3213 1116 3258 re
1137 3193 1267 3277 publica
1288 3215 1361 3260 auu-

147 3293 284 3377 toritate‚
307 3312 349 3356 an
369 3293 437 3358 loco
459 3295 521 3360 iarn
543 3303 655 3378 motus,
678 3294 758 3358 nihil
780 3295 923 3379 interest3
946 3303 979 3361 at
1002 3301 1085 3361 uerte
1106 3295 1180 3361 inde
1207 3295 1364 3378 intellegi-v

147 3402 207 3478 tur,
230 3395 264 3460 id
279 3393 371 3478 quod
392 3395 526 3479 probare
558 3396 730 3478 studemus,
757 3395 870 3461 multos
898 3396 926 3460 ci
951 3399 1143 3462 obtrectasse
1166 3397 1360 3479 insidiasque

150 3494 272 3562 fecisse.
316 3497 387 3575 Qua
408 3503 514 3562 autem
537 3497 582 3562 illi
603 3498 725 3564 ratione
751 3497 800 3563 usi
827 3499 1028 3582 pervenerint
1055 3517 1116 3580 quo
1145 3498 1303 3581 volebant,
1326 3506 1360 3564 ut

148 3594 249 3678 gradu
281 3619 351 3664 eum
384 3597 569 3681 moverent,¹
590 3601 788 3684 cognoscitur
822 3620 861 3665 ex
898 3600 994 3665 altero
1031 3598 1085 3664 illo
1122 3600 1266 3682 disticho,
1304 3601 1359 3666 ubi

148 3715 276 3779 operam
298 3700 374 3768 dare
395 3702 521 3768 videtur
543 3709 576 3768 ut
599 3703 703 3784 aliqua
725 3701 906 3786 suspicione
919 3693 962 3766 ¹se
985 3703 1136 3766 exsolvat.
1192 3701 1280 3780 Quae
1310 3723 1359 3770 su-

147 3797 248 3882 spicio
263 3819 324 3881 que
339 3805 530 3888 spectaverit
553 3842 592 3852 —
617 3802 685 3868 sive
708 3803 738 3868 ei
763 3804 999 3888 supponebatur
1021 3803 1157 3868 studium
1180 3802 1359 3870 divitiarum

147 3899 265 3966 iniuste
286 3906 508 3989 parandarum,
532 3907 597 3972 sive
621 3904 786 3969 consilium
813 3904 1010 3970 affectandae
1036 3904 1214 3988 tyrannidis
1236 3943 1277 3952 —-
1298 3906 1359 3971 hoc

146 4001 275 4086 quidem
297 4023 361 4069 non
382 4013 478 4090 patet,
501 4007 559 4072 sed
581 4025 643 4070 non
677 4011 725 4070 est
759 4004 973 4089 dubitandum,
1006 4007 1193 4089 simulatque
1225 4028 1358 4090 magnus

145 4103 256 4170 haberi
277 4105 310 4170 in
331 4125 365 4172 re
387 4107 514 4191 publica
536 4114 568 4172 et
589 4107 710 4189 aliquid
732 4107 838 4172 valere
860 4107 1008 4192 eoeperit,
1032 4106 1106 4190 quin
1128 4108 1216 4172 multi
1232 4110 1358 4174 exstite-

145 4204 216 4287 rint,
239 4207 294 4291 qui
316 4207 383 4275 eius
405 4207 579 4274 studiorum
602 4220 634 4272 et
655 4207 855 4272 consiliorum
877 4208 1089 4274 sinceritatem
1112 4208 1270 4292 animique
1287 4231 1358 4275 can-

1193 4343 1210 4395 8
