3314 4670
804 189 992 251 ..4-.

391 393 433 486 Et
464 393 535 476 quis
568 398 664 474 negat
697 411 769 456 eum
801 389 1022 474 dignissimum
1056 408 1138 471 esse,
1168 388 1221 472 qui
1243 388 1359 454 nostris
1381 407 1505 470 quoque

290 497 424 560 alumnis
456 495 610 579 legendus
644 500 675 557 et
708 491 963 576 interpretandus
985 491 1149 556 tradatur?
1193 492 1307 556 Nonne
1331 491 1426 555 etiam
1449 512 1506 557 nos

290 598 478 663 assentimur
510 617 549 660 en
582 595 692 660 intimo
726 595 831 659 animo
861 595 915 676 eis,
940 614 1021 676 quae
1043 594 1096 658 ille
1119 592 1274 678 praecipit
1296 590 1336 655 de
1358 592 1420 657 fide
1444 614 1506 658 ser-

289 701 405 782 vanda,
429 699 469 762 de
490 697 638 778 amicitia,
656 697 695 760 de
712 697 928 781 temperantia,
945 695 985 760 de
999 693 1141 760 iustitia?
1176 695 1289 759 Nonne
1305 693 1505 778 admiramur,

291 810 409 884 quanta
431 801 474 864 in
487 819 524 864 eo
548 799 644 863 fuerit
665 797 774 862 iudicii
795 797 943 882 gravitas,
967 805 1103 879 quantus
1118 796 1261 862 veritatis
1277 817 1373 878 amor,
1389 805 1507 878 quanta

291 903 468 969 constantia
489 901 522 965 in
543 901 640 965 rebus
663 899 816 980 adversis,
841 907 960 980 quanta
982 899 1104 982 patriae
1128 897 1266 964 caritas?

394 1005 483 1081 Quae
507 1023 569 1084 quo
592 1001 695 1082 magis
717 1002 810 1065 nobis
832 1001 1014 1084 probantur,
1038 1021 1075 1065 eo
1098 1000 1201 1082 magis
1228 999 1398 1064 dolendum
1420 998 1505 1064 vide-

291 1114 348 1188 tur,
374 1105 457 1188 quod
479 1105 551 1170 libri
574 1101 773 1186 Theognidei
795 1102 939 1166 condicio
962 1103 1138 1168 miserrima
1159 1101 1320 1183 tristisque
1336 1110 1395 1179 est,
1412 1101 1503 1184 quod,

291 1209 351 1274 etsi
386 1208 463 1273 satis
499 1207 597 1269 multa
630 1213 765 1286 exstant,
803 1205 917 1284 quibus
954 1212 1067 1288 poetae
1103 1202 1264 1287 ingenium
1298 1211 1328 1268 et
1360 1213 1505 1268 naturam

291 1329 525 1395 cognoscamus,
550 1306 645 1370 multo
670 1305 759 1388 plura
782 1305 917 1387 periisse
938 1313 1080 1388 apparet.

391 1430 473 1494 Nam
495 1434 580 1490 totus
603 1424 663 1505 bic,
685 1424 738 1506 qni
754 1431 867 1504 exstat,
883 1424 965 1488 liber
980 1424 1113 1489 similior
1128 1431 1176 1488 est
1191 1423 1364 1488 dilacerato
1381 1423 1505 1488 cuidam

290 1530 423 1615 corpori,
460 1527 547 1592 euius
579 1527 729 1607 membra,
764 1533 796 1590 et
826 1527 898 1609 ipsa
930 1524 1063 1607 divulsa,
1097 1533 1287 1610 tempestate
1316 1526 1422 1608 aliqua
1444 1525 1505 1590 hue

291 1634 364 1697 illuc
387 1629 529 1710 disiecta,
552 1636 618 1692 tum
640 1628 735 1712 longo
757 1628 921 1692 intervallo
944 1627 1083 1710 undique
1099 1647 1226 1692 corrasa
1240 1647 1299 1691 nee
1314 1628 1378 1692 ullo
1395 1627 1504 1693 ordine

291 1732 511 1800 consarcinata
543 1737 574 1794 et
607 1729 640 1794 in
673 1749 767 1794 unum
801 1729 892 1809 quasi
922 1749 1035 1813 corpus
1058 1739 1175 1794 temere
1198 1728 1327 1794 redacta
1349 1727 1504 1810 videntur,

290 1855 384 1918 quam
407 1832 507 1898 Musis
530 1838 620 1916 grato
643 1831 740 1914 operi.
796 1830 862 1896 Sed
893 1838 1007 1912 tamen,
1043 1851 1233 1912 quamquam
1261 1851 1342 1912 quae
1365 1831 1447 1896 inter
1469 1851 1503 1896 se

289 1937 486 2016 cohaereant,
510 1952 637 2016 perraro
661 1932 810 2016 cognosci
832 1939 944 2015 potest,
963 1952 1152 2015 quamquam
1168 1933 1266 1997 multa
1280 1931 1413 2015 perditis
1428 1932 1502 2013 illis,

289 2038 404 2122 quibus
428 2035 503 2118 quid
526 2035 588 2099 sibi
611 2033 746 2099 voluerit
767 2042 862 2115 poeta
884 2033 1038 2113 elucebat,
1068 2043 1230 2115 nequeunt
1253 2034 1401 2117 explicari
1424 2055 1504 2099 sem-

289 2159 419 2224 perque,
447 2142 602 2221 quatcnus
629 2155 687 2198 nos
715 2135 841 2216 quidem
869 2135 1023 2218 videmus
1051 2137 1212 2201 recondita
1241 2136 1422 2217 manebunt,
1456 2157 1504 2201 re-

290 2247 381 2334 stant,
394 2237 558 2323 permulta,
582 2257 664 2318 quae
687 2249 742 2300 aut
764 2237 919 2317 gravitate
951 2238 1128 2319 argumenti
1156 2247 1210 2302 aut
1232 2257 1335 2302 rerum
1362 2240 1504 2322 veritate,

290 2363 384 2425 quam
406 2359 484 2424 prae
507 2339 676 2421 ecferunt,
700 2338 822 2402 anicios
847 2339 1017 2420 legentium
1045 2339 1173 2423 eapiunt
1200 2347 1231 2405 et
1253 2360 1335 2422 quae
1357 2361 1503 2424 magnam

290 2450 412 2527 partem
439 2461 562 2506 summa
587 2461 646 2505 nos
673 2440 873 2504 miseratione
900 2450 1094 2524 permovent,
1130 2451 1164 2506 ut
1197 2441 1430 2523 quodammodo
1463 2441 1504 2506 ad

291 2544 376 2608 illius
398 2543 554 2608 miseriam
577 2541 773 2606 condicionis
795 2541 917 2622 retrusi,
941 2542 1076 2606 eandem
1102 2542 1246 2609 fortunae
1269 2545 1505 2610 conversionem

292 2644 441 2725 conqueri
468 2643 558 2708 nobis
586 2642 759 2707 videamur.
809 2643 888 2707 Illud
918 2651 1023 2707 autem
1051 2645 1165 2710 ducere
1189 2666 1249 2728 quo
1273 2646 1350 2710 velit
1373 2667 1443 2711 eum
1465 2646 1506 2710 sit

290 2747 357 2812 veri
378 2753 502 2829 poetae,
525 2745 679 2809 habemus
703 2743 833 2827 aliquid,
851 2764 905 2809 eur
920 2745 1137 2828 Tlreognidom
1155 2768 1217 2812 non
1233 2747 1322 2831 parvi
1338 2748 1503 2812 faciamus.

291 2847 432 2930 Accedit,
456 2845 540 2929 quod
561 2845 646 2910 idem
669 2865 730 2909 non
752 2846 843 2928 parvi
866 2847 1014 2912 momenti
1037 2858 1086 2912 est
1106 2847 1144 2910 ad
1168 2849 1389 2929 cognoscenda
1403 2849 1505 2932 ipsius

291 2958 443 3034 tempora.
498 2949 595 3012 Juvat
629 2947 713 3012 enim
747 2947 833 3030 apud
866 2969 937 3012 eum
965 2950 1115 3013 nonnulla
1141 2947 1290 3032 reperire,
1318 2951 1431 3033 quibus
1455 2971 1506 3016 res

290 3050 523 3132 Megarensium
546 3061 681 3113 ceterum
706 3069 807 3132 paene
830 3049 1009 3132 incognitae
1042 3050 1269 3132 aliquantulum
1301 3051 1503 3118 illustrentur.

289 3153 374 3236 Ergo
395 3171 436 3216 ne
457 3151 496 3216 iis
519 3149 647 3232 quidem
669 3161 717 3214 est
739 3151 966 3234 neglegendus,
991 3151 1100 3233 quiin
1130 3151 1238 3216 studia
1270 3172 1375 3219 rerum
1408 3154 1506 3219 Grae-

291 3273 399 3317 carum
421 3252 619 3317 incumbunt!

392 3354 483 3432 Qtrae
518 3355 648 3418 virtutes
682 3373 753 3417 cum
775 3360 820 3416 tot
842 3358 1014 3434 tantaeque
1036 3354 1153 3418 sintin
1176 3355 1371 3441 Theognide,
1394 3354 1504 3419 mirum

290 3455 442 3521 estnihil
471 3455 539 3519 fere
567 3453 607 3519 de
635 3455 704 3519 eius
731 3455 797 3518 vita
822 3475 886 3519 non
913 3455 1007 3520 modo
1037 3458 1079 3520 ab
1101 3458 1298 3540 aequalibus,
1322 3457 1379 3523 sed
1400 3477 1440 3521 ne
1463 3459 1504 3521 ab

290 3557 330 3622 iis
351 3556 489 3639 quidem,
513 3556 566 3639 qui
589 3556 732 3639 proxime
753 3558 795 3620 ab
824 3556 906 3621 illius
935 3558 1129 3641 temporibus
1162 3561 1302 3641 aberant,
1335 3559 1505 3626 memoriae

291 3657 451 3743 proditum
473 3679 555 3723 esse.
602 3659 650 3722 De
671 3659 741 3742 ipsa
763 3659 866 3741 patria
888 3658 1066 3723 dubitatum
1088 3659 1144 3724 diu
1165 3660 1357 3740 multumque
1380 3671 1428 3727 est
1442 3663 1504 3728 iam

291 3759 425 3842 antiquis
448 3761 654 3844 temporibus3
679 3781 716 3825 eo
739 3760 841 3824 minus
864 3761 958 3842 initur
980 3761 1129 3826 miramur
1151 3761 1187 3842 si,
1219 3782 1282 3844 quo
1305 3783 1388 3829 anno
1412 3775 1504 3830 natus

292 3862 343 3944 sit,
367 3881 429 3944 quo
451 3870 600 3944 mortona,
624 3862 700 3926 nibil
724 3863 801 3926 certi
824 3862 986 3926 babemus.
1031 3863 1079 3928 De
1104 3862 1226 3944 ceteris,
1248 3884 1329 3946 (quae
1350 3866 1392 3930 ad
1408 3867 1502 3930 vitam

290 3964 458 4048 pertinent,
484 3983 545 4045 quo
568 3983 683 4044 genere
707 3963 747 4028 sit
771 3973 864 4044 ortus,
888 3984 951 4046 qua
970 3965 1054 4028 vitae
1075 3963 1260 4029 condicione
1276 3987 1352 4034 usus
1368 3968 1417 4050 sit,
1434 3987 1503 4032 eum

291 4066 406 4148 quibus
438 4063 616 4147 aequalium
639 4063 669 4128 ei
690 4063 942 4130 necessitudines
974 4065 1099 4145 suerint,
1128 4085 1190 4148 qua
1217 4069 1340 4134 ratione
1363 4090 1441 4153 puer
1462 4068 1505 4134 sit

290 4166 442 4247 eruditus,
466 4165 581 4249 quibus
603 4165 702 4230 literis
724 4186 744 4229 a
766 4165 880 4248 quibus
912 4167 1070 4249 magistris
1102 4167 1273 4236 instructus
1307 4171 1357 4253 sit,
1385 4179 1503 4252 quanto

288 4265 407 4332 honore
430 4265 516 4350 apud
537 4285 612 4332 suos
635 4264 738 4349 fucrit,
762 4267 876 4350 quibus
899 4266 1081 4334 muneribus
1109 4270 1149 4336 sit
1181 4271 1319 4353 functus,
1352 4282 1503 4355 quantum
