3314 4670
644 216 848 280 ...51-

136 419 287 505 temporis
311 418 528 501 gubernacula
551 419 596 482 rei
619 418 765 502 publicae
789 417 819 482 ei
839 417 946 482 oblata
968 417 1080 484 ossei*
1106 417 1189 482 Narn
1204 418 1356 500 „verbum

136 527 268 601 κοσμεῖν
290 522 320 585 h.
344 521 364 584 l.
387 541 451 584 non
474 520 514 585 de
548 521 740 585 celebranda
772 527 804 584 et
836 519 1006 602 laudanda,
1038 519 1095 585 sed
1118 521 1158 584 de
1181 519 1357 585 ordinanda

137 626 264 690 civitate
290 623 352 687 dici
375 622 580 688 manifestum
604 630 661 704 est,
686 643 747 704 quo
772 643 866 688 sensu
888 623 984 686 etiam
1000 642 1137 712 summos
1153 623 1355 705 magistratus

136 728 169 791 in
196 726 354 792 nonnullis
388 725 569 790 civitatibus
602 726 746 803 κόσμους
779 745 804 788 s.
838 724 993 802 κοσμίους
1025 723 1126 788 dictos
1161 744 1230 788 esse
1264 745 1356 789 nemo

136 829 311 910 nescit.“⁵⁶)
355 827 477 891 Eodem
499 826 599 908 traho,
624 847 705 908 quae
728 827 869 910 proxime
893 825 1085 891 antecedunt
1110 824 1154 911 (v.
1178 827 1241 891 945
1263 827 1357 907 seq.):

181 930 253 1009 Εἶμι
274 930 361 1008 παρὰ
383 929 526 1006 στάθμην
549 929 651 1006 ὀρθὴν
674 929 760 1000 ὁδόν,
784 929 984 1006 οὐδετέρωσε

179 1033 374 1111 κλινόμενος·
400 1033 467 1110 χρὴ
492 1031 561 1109 γάρ
585 1029 613 1109 μ’
636 1029 746 1109 ἄρτια
767 1030 891 1094 πάντα
913 1033 1026 1094 νοεῖν.

137 1157 218 1219 quos
240 1155 351 1200 versus
374 1133 534 1216 Weber⁵⁷)
558 1133 604 1196 ita
626 1131 779 1216 explicat:
802 1132 886 1215 ¹„Die
909 1132 1008 1196 Stelle
1035 1140 1140 1215 mbgte
1164 1154 1226 1197 von
1250 1133 1354 1198 einem

136 1235 443 1320 voritbcrgehenden
476 1235 673 1300 Verlrttltniss
700 1235 756 1300 des
783 1235 931 1298 Dichters
954 1255 991 1298 zu
1014 1235 1183 1299 verstelren
1205 1235 1283 1318 sein,
1306 1255 1356 1299 wo

137 1339 192 1403 ihn
215 1339 273 1404 das
295 1337 600 1422 Megariscnevolk
623 1338 656 1400 in
679 1337 735 1400 der
756 1335 974 1417 Bedrangniss
996 1336 1185 1400 innerlieher
1204 1335 1356 1400 Unruhen

139 1460 209 1503 zum
231 1439 491 1505 Eriedensstifter
511 1439 575 1503 und
591 1439 772 1504 Vermittler
786 1437 972 1520 angerufem
990 1438 1110 1502 ivelche
1126 1439 1216 1502 Rolle
1227 1437 1356 1520 jedeon,

139 1541 200 1606 wie
222 1563 279 1607 aus
302 1542 374 1606 dem
397 1541 500 1624 gleich
523 1539 709 1622 Folgenden
732 1539 853 1619 emellt,
885 1560 942 1602 nur
976 1539 1046 1603 eine
1080 1538 1357 1622 augenblickliohe

138 1664 287 1728 genesen
310 1644 379 1710 sein
400 1643 520 1717 κοσμῇ(
563 1642 690 1707 Similes
713 1641 786 1706 huic
807 1641 877 1706 loco
902 1649 974 1705 sunt
995 1661 1106 1706 versus
1129 1643 1193 1729 2543
1215 1662 1294 1724 seq.:

182 1746 249 1824 Χρή
274 1767 310 1824 με
332 1747 419 1824 παρὰ
441 1744 586 1822 στάθμην
608 1745 658 1806 καὶ
680 1747 830 1821 γνώμονα
852 1743 946 1820 τήνδε
969 1742 1126 1814 δικάσσαι,

185 1849 291 1926 Κύρνε,
315 1848 410 1925 δίκην,
435 1846 510 1911 ἶσόν
532 1843 558 1934 τ’
581 1846 792 1924 ἀμφοτέροισι
814 1844 911 1922 δόμεν
934 1896 940 1906 .
965 1895 970 1908 .
994 1896 1000 1907 .
1025 1896 1030 1909 .

141 1951 196 2016 ubi
219 1957 327 2032 aperte
348 1959 455 2014 narrat
478 1948 520 2012 ad
542 1968 631 2012 suurn
655 1947 820 2012 arbitrium
842 1947 876 2010 in
898 1947 1002 2029 aliqua
1025 1966 1122 2011 eausa
1145 1947 1264 2011 maiore
1287 1967 1358 2030 pro·

140 2057 286 2116 vocatum
309 2072 391 2117 esse.
437 2054 578 2135 Apparet
601 2055 716 2128 autem,
741 2049 769 2113 si
791 2049 875 2112 hune
901 2049 1004 2113 locum
1032 2069 1101 2112 cum
1129 2049 1274 2113 versibus
1297 2051 1359 2113 nrt

140 2174 229 2238 seqq.
253 2153 451 2234 conterimus,
474 2152 560 2216 illam
585 2152 673 2227 δίκην
695 2150 813 2214 nullam
835 2149 931 2213 aliam
960 2169 1040 2230 esse,
1071 2171 1165 2232 quam
1189 2149 1360 2215 contentio-

140 2276 212 2318 nern
236 2265 267 2318 et
282 2253 474 2319 discordiam
497 2255 628 2334 civilem,
652 2273 733 2334 quae
748 2260 814 2316 tum
841 2251 974 2316 l'ortasse
988 2250 1123 2332 primum
1138 2250 1222 2316 inter
1237 2251 1360 2315 nobiles

143 2356 210 2420 sive
232 2356 400 2436 optimates
424 2366 454 2420 et
475 2357 617 2438 plebeios
650 2353 758 2419 nescio
792 2374 854 2436 quo
885 2373 962 2417 casu
985 2361 1156 2435 exarserat,
1181 2374 1251 2417 cum
1274 2353 1305 2415 hi
1327 2352 1361 2415 id

143 2462 283 2537 agerent.
307 2462 341 2518 ut
364 2457 423 2520 sibi
446 2477 513 2520 curn
536 2457 599 2521 illis
622 2456 790 2522 conubium
813 2463 907 2537 esset,
932 2463 962 2519 et
984 2463 1018 2519 ut
1039 2455 1073 2519 in
1094 2456 1232 2520 iudicum
1254 2476 1361 2520 nume-

143 2577 211 2622 rum
244 2555 492 2622 admitterentur.
547 2559 636 2622 Haec
669 2567 774 2622 autern
809 2579 847 2622 ea
880 2557 990 2638 fuisse,
1026 2577 1107 2638 quae
1141 2557 1283 2622 fautores
1316 2559 1362 2622 rei

142 2658 292 2743 publicae
326 2657 485 2742 popularis
518 2659 725 2740 uindicarent,
754 2661 857 2724 elucet
889 2679 928 2722 ex
952 2659 1164 2741 compluribus
1186 2659 1250 2723 illis
1272 2659 1360 2742 locis,

143 2761 259 2843 quibus
283 2758 447 2840 Theognis
470 2768 500 2822 et
522 2761 621 2823 mixta
644 2781 713 2826 csse
737 2761 884 2845 coniugia
907 2768 938 2825 et
965 2762 1006 2825 ab
1029 2760 1207 2826 hominibus
1230 2761 1363 2845 plebeiis

144 2869 238 2944 atque
261 2858 339 2924 iuris
363 2859 465 2926 civilis
488 2861 606 2944 ignaris
637 2861 756 2926 iudicia
789 2864 928 2928 exerceri
962 2862 1111 2945 queritur,
1136 2884 1197 2945 quo
1220 2871 1362 2947 ternpore

145 2961 201 3042 illi,
224 2982 304 3044 quae
331 2962 448 3027 frustra
481 2984 538 3048 per
570 2984 681 3047 pacem
715 2973 865 3046 appetere
900 2972 1079 3047 coeperant,
1113 2965 1175 3028 iarn
1208 2985 1264 3048 per
1297 2965 1362 3028 vim

145 3070 298 3146 occupata
329 3067 491 3130 tenebant.
546 3067 649 3146 Atque
683 3064 902 3146 Theognidem
936 3075 1011 3148 turn,
1047 3086 1118 3129 oum
1147 3065 1204 3130 illa
1226 3066 1360 3150 scripsit,

111 3215 116 3222 .
142 3165 281 3228 medium
315 3167 397 3230 inter
431 3167 510 3232 duas
542 3166 698 3232 factiones
731 3167 854 3231 stetisse
888 3167 992 3232 neutri
1024 3167 1118 3250 plane
1147 3167 1308 3230 addictum
1332 3177 1363 3232 et

142 3267 247 3351 ipsum
270 3287 393 3350 quoque
417 3268 461 3332 ita
489 3269 674 3334 arbitratum
709 3286 781 3334 esse
816 3269 990 3354 compltuia
1024 3291 1043 3333 a
1076 3269 1169 3354 plebe
1204 3289 1260 3333 suo
1294 3269 1361 3334 iure

140 3368 305 3454 postulari,
329 3368 472 3433 nimirum
495 3369 569 3436 dum
598 3392 636 3436 eu
664 3370 800 3454 quadam
834 3370 989 3448 modestia
1012 3377 1241 3452 coercerentur,
1265 3371 1363 3436 mani-

139 3471 258 3536 festum
272 3479 319 3536 est
331 3471 429 3554 ipsius
442 3471 560 3553 optimo
576 3474 680 3539 studio
698 3479 729 3538 et
745 3473 994 3555 voluntateque
1012 3493 1114 3555 aeque
1134 3472 1274 3554 utrisque
1293 3494 1363 3556 par-

137 3573 226 3636 tibus
260 3572 391 3637 favebat
424 3577 455 3635 et
491 3592 562 3655 qua,
597 3582 748 3656 quantum
778 3575 811 3638 in
841 3593 876 3640 se
899 3575 993 3640 situm
1017 3583 1111 3656 esset,
1135 3575 1269 3658 patriam
1292 3595 1363 3640 sese

137 3673 358 3741 restituturum
392 3675 550 3756 sperabat.
606 3676 695 3741 Idem
727 3677 919 3759 intellegitur
952 3698 991 3741 err
1022 3697 1057 3741 re
1090 3677 1172 3759 ipsa,
1207 3695 1277 3739 oum
1310 3677 1363 3740 vix

135 3773 317 3863 putandum
342 3774 382 3839 sit
405 3775 492 3840 cives
516 3776 663 3856 cuiquam
687 3798 727 3841 ex
749 3797 805 3842 suo
828 3798 959 3843 numero
975 3777 1185 3862 principatum
1201 3777 1363 3844 delaturos

135 3875 253 3956 fuisse,
277 3895 371 3956 quem
392 3897 455 3940 non
478 3878 622 3942 omnibus
651 3899 751 3961 aeque
779 3879 1010 3944 satisfacturum
1042 3880 1199 3944 confidere
1221 3886 1361 3963 possent.

133 3979 213 4047 Nee
235 3995 310 4040 vero
333 3976 412 4042 illud
433 3999 528 4043 unum
553 3978 700 4044 sufficere
723 3979 764 4043 ad
788 3989 909 4043 tantum
932 3982 1091 4064 negotium
1113 3982 1312 4046 subeundum
1332 3988 1363 4046 et

134 4099 347 4114 Ρ-

250 4150 283 4217 56)
303 4149 469 4204 Schoemann
487 4151 506 4204 l.
524 4151 542 4204 l.
561 4169 586 4219 p.
606 4155 649 4208 30.

250 4238 283 4304 57)
305 4237 374 4301 „Die
393 4237 546 4305 elegischen
564 4239 678 4294 Dichter
697 4239 744 4293 der
761 4237 896 4292 Hellenen
914 4241 983 4293 nach
1002 4239 1077 4294 ihren
1090 4241 1271 4296 Ueberresten
1289 4242 1365 4296 iiber·

130 4333 214 4388 setzt
232 4327 286 4380 und
305 4327 458 4382 erlbutert.“
497 4327 645 4381 Frankfurt
664 4327 738 4390 alli.
759 4329 837 4392 1826,
856 4343 882 4393 p.
902 4329 962 4382 570.
