3314 4670
647 224 850 295 ...κγ-κ

139 425 249 503 κακίας
271 425 458 505 ἀνθρώπων,
483 428 616 496 formam
638 427 709 495 libri
731 427 847 513 respici
869 427 1028 494 diversam
1051 447 1070 492 a
1092 433 1208 492 nostro.
1243 423 1355 508 Neque

139 546 199 610 ego
222 528 325 610 video,
349 530 409 594 nisi
432 532 534 597 omnis
558 517 608 598 hie
630 533 717 597 locus
744 531 777 594 in
806 531 1016 615 suspicionem
1045 537 1183 609 vocetur,
1213 547 1273 608 quo
1296 524 1356 589 alio

138 630 233 696 modo
255 631 316 695 boe
339 633 439 716 possit
462 635 613 719 expediri.
670 633 736 699 Sed
768 632 922 716 quidquid
953 631 1026 700 huie
1058 633 1127 697 loco
1161 627 1357 694 auctoritatis

138 731 295 815 tribuitur,
319 741 404 800 certe
427 756 490 799 non
511 737 538 802 is
562 744 618 820 est,
642 757 682 802 cx
705 757 775 818 quo,
800 754 881 817 quae
895 735 928 800 in
943 730 1159 817 Theognideis
1175 732 1239 797 sint
1253 729 1358 793 aliena

139 839 170 897 et
193 835 408 918 suppositioia,
432 859 513 922 quae
536 837 683 924 genuina,
707 839 756 902 fas
780 837 820 904 sit
841 838 991 902 iudicare.
1026 837 1104 901 Cum
1128 833 1211 899 enirn
1233 833 1265 896 in
1285 831 1357 896 crisi

138 935 349 1020 Theognidca
371 939 453 1005 dnae
476 941 538 1007 sint
560 941 639 1022 viae,
664 941 777 1024 quibus
800 938 1019 1022 ingrediantur
1048 937 1107 1004 viri
1131 936 1226 1018 docti,
1248 943 1283 998 ut
1305 943 1358 998 aut

140 1055 234 1117 quarn
257 1038 394 1121 plurima
417 1063 534 1126 eorum,
558 1064 639 1126 qnae
656 1041 851 1125 Theognidis
866 1042 993 1106 nomina
1009 1048 1134 1106 servata
1149 1045 1230 1120 sunt,
1245 1038 1359 1102 retine-

138 1146 194 1201 ant
215 1159 317 1222 neque
341 1143 513 1228 quidquam
540 1155 730 1226 removeant,
758 1145 821 1210 nisi
849 1143 969 1229 apertis
993 1151 1024 1208 et
1047 1142 1192 1208 dilucidis
1214 1148 1357 1206 veterum

138 1239 329 1309 testimoniis
363 1243 434 1312 aliis
466 1248 623 1328 tribuitur,
658 1255 711 1312 aut
745 1246 852 1311 omnia
885 1247 926 1310 ad
958 1246 1035 1311 illud
1068 1249 1139 1325 περὶ
1169 1245 1286 1323 ἀρετῆς
1309 1242 1359 1304 καὶ

139 1345 248 1423 κακίας
271 1345 451 1425 ἀνθρώπων
473 1359 657 1415 revocantes
681 1357 711 1414 ct
734 1349 978 1435 perpendentes,
1007 1348 1161 1432 quidquid
1191 1351 1358 1429 repugnat,

139 1446 369 1530 aTheognide
403 1451 594 1533 abindiccnt,
629 1453 690 1517 lrao
724 1453 775 1517 via
808 1452 861 1516 ubi
896 1451 1029 1536 primurn
1058 1450 1205 1516 insistere
1229 1453 1359 1512 conatus

141 1554 189 1612 est
210 1549 408 1634 Welokerus,
431 1554 520 1618 multi
544 1556 643 1620 secuti
668 1562 748 1620 sunt.
802 1554 888 1618 luter
920 1573 999 1636 quos
1028 1553 1089 1617 hoe
1110 1553 1250 1631 interest,
1275 1547 1360 1630 quod

141 1650 328 1718 Welokerus
350 1655 428 1720 satis
450 1655 556 1737 babet,
581 1676 662 1737 quac
686 1657 790 1722 aliena
813 1656 936 1740 putavit
958 1676 977 1718 a
999 1653 1194 1738 Theognidis
1209 1650 1358 1734 imagine,

140 1773 236 1833 quarn
258 1755 361 1820 animo
384 1757 584 1840 formaverat,
609 1779 778 1841 segregare
802 1767 832 1825 et
865 1757 995 1840 reicere,
1028 1756 1220 1827 recentiores
1254 1761 1359 1818 autern

141 1853 194 1933 qui
216 1853 290 1918 hnic
311 1857 357 1919 rei
379 1879 506 1941 operam
530 1860 693 1943 dederunt,
716 1862 834 1926 maiore
856 1860 992 1924 audacia
1008 1859 1057 1924 usi
1072 1859 1124 1922 vel
1141 1865 1243 1922 certos
1266 1875 1359 1938 quos-

142 1953 215 2015 dam
238 1974 277 2018 en
299 1957 436 2040 antiquis
471 1962 686 2046 scriptoribus,
723 1983 852 2044 quorum
887 1963 1072 2045 plerumque
1105 1959 1182 2024 nibil
1210 1959 1275 2023 fere
1298 1957 1358 2022 nisi

141 2055 267 2120 nomina
289 2062 440 2145 novimus,
466 2065 636 2146 clegerunt,
662 2065 776 2145 quibus
800 2063 1026 2145 adscriberent,
1050 2083 1132 2144 qnae
1146 2083 1185 2126 ex
1200 2061 1359 2143 Theogni-

139 2155 189 2223 dis
211 2158 292 2226 libro
314 2175 521 2229 removerant.
567 2167 615 2229 lta
647 2185 697 2230 res
732 2186 769 2230 eo
802 2165 866 2229 iam
894 2164 1031 2230 deducta
1054 2173 1144 2230 esta
1167 2162 1305 2245 Bergkio
1328 2168 1360 2226 et

139 2261 327 2347 Hartungio,
349 2273 382 2329 ut
405 2268 511 2332 omnia
533 2268 565 2332 in
588 2268 718 2333 arbitrio
742 2276 772 2332 et
795 2267 924 2333 libidine
948 2267 1011 2333 sint
1033 2266 1149 2352 sita.⁵⁰)
1193 2265 1305 2345 Neque
1326 2261 1360 2326 id

139 2364 265 2447 mirum3
300 2385 430 2433 necesse
463 2377 511 2434 est
545 2371 627 2434 enirn
661 2378 761 2434 artem
789 2370 939 2451 criticam,
963 2370 990 2435 si
1011 2368 1220 2453 proficiscitur
1241 2388 1261 2430 a
1282 2365 1360 2430 loeis

139 2471 204 2528 tarn
232 2467 452 2551 opinabilibus,
482 2470 515 2534 in
541 2493 624 2553 vaga
652 2479 747 2552 atque
775 2471 896 2537 incerta
926 2471 1052 2536 deferri.
1101 2469 1165 2534 Sed
1189 2469 1252 2534 nisi
1274 2467 1360 2532 voln-

139 2589 210 2633 mus
232 2568 402 2653 imaginem
431 2573 626 2655 'Pheognidis
654 2573 748 2658 plane
778 2573 947 2658 exstingui,
978 2572 1081 2655 magis
1103 2573 1268 2654 magisque
1291 2570 1360 2634 eius

137 2691 252 2736 nomen
275 2672 317 2735 ab
340 2673 470 2738 historia
492 2675 532 2738 ad
556 2674 682 2740 fabulas
703 2675 872 2758 transduci,
896 2682 1018 2760 oportet
1041 2695 1168 2739 servare
1191 2674 1287 2738 etiam
1311 2693 1358 2746 ca,

138 2793 220 2855 quae
254 2773 349 2856 plena
383 2784 454 2840 sunt
486 2776 615 2861 vigoris,
650 2776 705 2840 ubi
737 2777 816 2860 ipse,
852 2797 933 2859 quac
960 2775 1020 2842 sibi
1042 2777 1076 2841 in
1097 2776 1165 2842 vita
1187 2775 1360 2842 acciderint

139 2875 303 2957 significat,
328 2876 361 2940 in
385 2879 500 2958 quibus
524 2879 608 2944 idem
631 2878 724 2944 borno
747 2881 794 2943 ira
813 2879 895 2960 radio,
911 2878 1106 2961 benignitate
1121 2879 1262 2944 amicitia
1278 2897 1360 2942 eom-

139 2981 241 3039 motus
258 2978 410 3062 cernitur3
426 2980 542 3063 quibus
560 2981 693 3046 sublatis
709 2981 787 3045 nibil
802 2981 861 3047 nisi
876 2981 1065 3046 adumbrata
1080 2982 1237 3064 quaedam
1253 2979 1359 3060 imago

102 3099 107 3108 ·
142 3075 334 3143 severissimi
357 3083 544 3164 molestique
577 3083 663 3147 vitae
697 3090 729 3148 et
759 3104 878 3147 morum
912 3083 1131 3167 praeceptoris
1163 3080 1358 3162 relinquitur.

242 3179 431 3247 linitendum
455 3196 503 3250 est
524 3186 627 3268 igitur,
652 3196 695 3266 nt,
718 3206 800 3268 quac
829 3193 896 3250 arte
925 3186 1034 3256 critica
1056 3185 1151 3269 paulo
1173 3181 1359 3248 insolentius

138 3288 307 3361 grassante
341 3283 554 3371 diffluxerunt,
589 3288 693 3354 denno
727 3287 889 3352 firmentur
920 3287 1078 3372 animique
1107 3293 1296 3351 revocentur
1318 3285 1359 3348 ad

138 3402 217 3446 sana
239 3381 366 3467 iudicia,
390 3408 472 3469 quac
496 3390 563 3455 lieri
587 3412 647 3455 non
670 3397 811 3474 possunt,
839 3390 900 3455 nisi
927 3397 1086 3474 ponuntur
1107 3389 1246 3452 inrecte
1270 3386 1360 3451 intel-

136 3483 228 3549 lectis
261 3486 318 3568 eiS,
360 3509 441 3571 quae
482 3500 607 3557 veteres
642 3492 812 3570 scriptores
845 3492 1016 3557 memoriae
1050 3489 1263 3575 prodiderunt,
1297 3489 1360 3554 nisi

137 3583 337 3652 abducuntur
359 3591 399 3654 ab
423 3591 579 3676 ambiguis
603 3593 791 3659 coniecturis
825 3601 857 3658 et
890 3592 1104 3676 opinionibus.
1160 3591 1231 3668 Qua
1262 3590 1295 3654 in
1325 3613 1359 3656 re

136 3683 215 3747 illud
237 3690 438 3769 potissimum
460 3693 633 3757 tenendum
656 3703 713 3776 est,
737 3716 777 3760 nc
801 3696 870 3776 quis
892 3696 984 3778 plura
1002 3695 1097 3776 legat,
1114 3713 1206 3776 quarn
1230 3695 1270 3758 ab
1287 3714 1359 3758 anc-

137 3791 205 3848 tore
228 3790 345 3872 scripta
368 3802 455 3878 sunt3
479 3795 564 3878 qnod
586 3795 620 3860 in
641 3795 751 3860 vitium
775 3796 979 3861 Welokerum
1003 3805 1034 3861 ct
1053 3795 1266 3860 Nietzschium
1282 3795 1359 3858 inei·
1411 3791 1413 3794 ’

137 3884 225 3950 disse
254 3907 294 3952 ex
327 3892 374 3957 cis
408 3895 617 3981 cognoscitur,
646 3917 727 3980 quac
756 3918 851 3981 supra
880 3897 920 3963 de
943 3898 1064 3964 Juliani
1087 3905 1118 3962 et
1141 3897 1249 3981 Cyrilli
1271 3897 1359 3963 testi-

136 3987 253 4053 moniis
276 3990 491 4064 dissernimus.
537 3999 662 4065 Deinde
686 4000 821 4080 nequis
848 4007 1084 4084 praesumptam
1112 3999 1289 4082 opinionem
1318 3999 1358 4064 ad

244 4232 277 4299 a)
296 4234 331 4288 In
359 4237 470 4290 candem
498 4239 658 4293 sententiam
687 4238 795 4296 disserit
820 4253 844 4298 v,
867 4239 988 4298 Leutscb
1005 4240 1023 4295 l.
1043 4239 1060 4299 l.
1080 4243 1123 4307 29,
1141 4269 1183 4303 coo·
1220 4238 1359 4301 Fritzscbe

136 4334 235 4394 ibidem
254 4355 280 4407 p.
300 4344 360 4396 186.
380 4347 453 4399 nota.

1175 4447 1208 4500 Ἰ*
