3314 4670
778 157 979 220 ..54-

273 361 380 426 dorem
403 360 436 425 in
458 358 671 443 suspicionem
692 363 852 423 vocarent.
906 357 1017 440 Neque
1050 357 1085 422 id
1115 355 1237 438 mirum,
1270 375 1339 420 curn
1366 347 1407 420 ab
1428 357 1485 421 tali

274 463 420 545 homine„
433 461 556 544 qualern
580 461 642 524 iam
667 460 871 542 cognovimus
894 459 1122 542 Theognidem,
1153 458 1193 522 ab
1216 456 1396 542 incorrupta
1417 459 1486 526 eius

273 564 386 629 virtute
420 562 545 644 quidvis
578 569 754 626 metuerent
786 561 819 642 ii,
853 561 907 644 qui
941 582 979 624 ex
1012 560 1124 624 alienis
1156 559 1363 626 incommodis
1396 581 1487 628 suam

275 666 473 730 oueasionem
495 666 655 748 petebant.
702 665 750 727 De
774 663 887 744 quibus
901 663 1003 746 plebis
1017 662 1240 745 turbatoribus,
1257 660 1308 744 qui
1322 671 1487 745 praetexto

274 766 380 832 studio
400 766 447 831 rei
470 767 630 850 popularis
658 785 716 829 sna
750 762 915 852 commoda
951 764 1153 828 sectabantur
1189 773 1221 829 et
1256 763 1488 829 multitudinem

274 867 316 933 ad
337 887 488 950 perversa
510 867 644 932 consilia
665 866 875 946 abducebant,
899 864 1026 948 saepius
1052 865 1170 930 mentio
1195 866 1239 947 fit,
1256 875 1290 931 ut
1305 886 1334 930 ν.
1349 869 1388 932 41
1406 887 1489 950 seq.:

306 947 411 1032 ’ἀστόὶ
433 970 489 1046 μὲν
510 969 570 1047 γὰρ
594 967 639 1033 ἔύ)
661 967 727 1032 οἵδε
750 967 944 1046 σαόφρονες,
967 967 1122 1044 ἡγεμόνες
1143 969 1180 1032 δὲ
1405 975 1407 980 ’

316 1069 511 1148 τετράφαται
532 1072 654 1149 πολλὴν
677 1071 711 1148 ἐς
732 1070 891 1147 κακότητα
912 1073 1033 1134 πεσεῖν.

276 1178 307 1238 et
329 1193 357 1239 ν.
382 1172 444 1237 855
465 1191 546 1253 seq.:

317 1274 459 1339 Πολλάκι
482 1274 519 1350 δὴ
544 1273 636 1350 πόλις
657 1271 714 1349 ἥδε
738 1269 776 1336 δι’
796 1273 964 1351 ἡγεμόνων
985 1274 1144 1350 κακότητα

317 1377 428 1454 ὥσπερ
450 1374 613 1452 κεκλιμένη
636 1379 715 1452 ναύς
737 1376 823 1453 παρὰ
844 1379 903 1452 γῆν
927 1375 1069 1454 ἔδραμεν.
1364 1461 1365 1464 ¹

376 1479 424 1542 Ex
447 1477 539 1561 plebe
562 1482 666 1542 autern
688 1476 787 1542 fuisse
811 1497 875 1559 eos,
898 1476 952 1558 qni
973 1475 1008 1540 id
1028 1476 1247 1560 moliebantur,
1270 1484 1304 1542 ut
1325 1474 1394 1542 eius
1415 1496 1491 1541 auo-

275 1579 432 1645 toritatem
454 1578 684 1659 imminuerent,
707 1585 761 1642 aut
784 1586 867 1642 certe
890 1578 1038 1660 opinione
1058 1578 1180 1644 facilius
1199 1578 1286 1662 plebi
1303 1599 1491 1663 persuasum

275 1701 349 1748 esse
372 1683 413 1746 ab
435 1679 553 1774 invidis
576 1679 637 1744 illis
662 1687 692 1743 et
713 1679 890 1744 ambitiosis
924 1680 1056 1762 civibus,
1090 1681 1226 1746 maxime
1258 1679 1332 1746 inde
1356 1681 1488 1764 conicio,

275 1784 369 1870 quod·
382 1790 447 1847 tam
469 1802 566 1867 saepe
588 1782 690 1865 plebis
712 1781 869 1863 ingratum
892 1782 1029 1845 animum
1051 1783 1183 1865 incusat,
1207 1788 1240 1846 ut
1260 1803 1299 1859 v.x
1317 1783 1379 1848 853
1404 1802 1488 1864 seq.:

318 1886 427 1949 Ἤιδεα
450 1888 506 1964 μὲν
528 1885 580 1947 καὶ
601 1883 753 1962 πρόσθεν,
776 1882 856 1960 ἀτὰρ
878 1885 959 1946 πολὺ
982 1886 1062 1947 loru
1085 1887 1123 1962 δὴ
1147 1889 1211 1955 νῦν,

318 1987 433 2052 οὕνεκα
454 1990 524 2064 τοῖς
545 1989 664 2062 δειλοῖς
686 1981 804 2062 οὐδεμί’
826 1983 893 2048 ἔστι
914 1984 1005 2063 χάρις

277 2096 308 2153 et
330 2109 359 2153 v.
382 2089 445 2156 955
467 2108 545 2171 seq.:

319 2192 458 2267 Δειλούς
480 2188 515 2253 eb
540 2190 663 2268 ἓρδοντι
685 2189 752 2252 δύω
774 2188 861 2251 κακά·
884 2191 948 2252 τῶν
970 2209 1005 2252 τε
1027 2189 1087 2267 γὰρ
1110 2191 1219 2264 αὐτού,

319 2293 461 2372 χηριύσει
482 2295 617 2364 πολλῶν,
641 2292 692 2354 καὶ
712 2289 803 2368 χάρις
825 2290 963 2368 οὐδεμία.

378 2393 428 2458 Ita
451 2413 520 2457 cunr
543 2393 661 2458 rabulis
683 2392 746 2458 illis
769 2392 962 2474 contigisset,
985 2399 1018 2456 ut
1041 2391 1187 2456 credulae
1209 2399 1305 2474 atque
1325 2392 1491 2476 imperitae

277 2494 483 2560 multitudinis
518 2495 621 2559 odium
655 2494 687 2556 in
722 2513 793 2558 eum
826 2494 1028 2576 concitarent,
1065 2494 1111 2558 ita
1145 2514 1216 2559 curn
1251 2495 1321 2578 ipse
1357 2493 1494 2560 vidisset

278 2597 489 2662 innocentiam
521 2598 692 2664 studiorum
726 2603 757 2660 et
790 2594 991 2668 consiliorum
1023 2615 1135 2678 parum
1157 2616 1177 2660 a
1199 2595 1320 2661 civibus
1341 2597 1489 2681 intellegi,

279 2706 460 2780 tantumque
493 2700 616 2780 abesse,
650 2705 683 2761 ut
716 2697 785 2779 ipse
818 2697 859 2760 ab
888 2696 928 2761 iis
951 2696 1085 2778 gratiam
1106 2696 1208 2779 iniret,
1232 2706 1266 2764 ut
1289 2705 1397 2764 contra
1419 2721 1488 2766 eon-

279 2801 372 2865 vieiis
405 2800 676 2883 perstringeretur,
711 2818 779 2862 cum
813 2797 1022 2879 cognovisset,
1056 2798 1261 2864 acerbissime
1293 2820 1327 2864 se
1360 2802 1402 2866 ab
1432 2801 1493 2867 illis

279 2902 425 2983 incusari,
459 2921 588 2984 quorum
621 2900 713 2964 saluti
747 2898 863 2983 optime
894 2898 1113 2965 consuluisset:
1143 2907 1208 2964 tum
1230 2921 1293 2966 non
1314 2903 1496 2968 mirandum

252 2995 338 3084 '‘est,
361 3010 450 3068 tanta
473 3023 544 3068 eum
566 3004 614 3066 ira
628 3002 661 3064 in
679 2999 871 3064 flammatum
894 3020 975 3082 esse,
997 3007 1031 3063 ut
1052 2999 1118 3064 fere
1139 3001 1220 3066 ultra
1241 3023 1365 3068 omnem
1383 3006 1496 3086 aequi-

292 3113 375 3170 atem
397 3105 548 3189 prodiens
569 3105 601 3168 in
623 3104 748 3188 plebem
770 3103 970 3167 inveberetur
989 3101 1104 3166 talibus
1123 3104 1225 3168 verbis
1242 3105 1284 3189 (ν.
1300 3108 1362 3172 847
1377 3108 1498 3191 seqq.):

322 3208 385 3273 Λὰξ
408 3207 501 3285 ἐπίβα
523 3206 612 3288 δήμῳ
635 3205 832 3282 κενεόφρονι,
856 3205 951 3268 τύπτε
975 3206 1010 3268 δὲ
1032 3206 1152 3287 κέντρῳ

322 3309 394 3382 όξὲῑ,
418 3309 468 3372 καὶ
491 3307 623 3384 ζεύγλην
646 3306 813 3384 δύσλοφον
836 3305 1003 3384 ἀμφιτίθει·

322 3412 360 3474 ού
383 3410 443 3487 γὰρ
467 3405 512 3472 ἔθ’
533 3407 683 3486 εύρήσεις
704 3411 806 3484 δῆμον
828 3408 1064 3485 φιλοδέσποτον
1086 3407 1149 3472 ὧδε

322 3511 509 3589 ἀνθρώπων,
533 3510 679 3586 ὁπόσους
700 3509 807 3586 ἠέλιος
828 3514 958 3591 καθορᾷ.

381 3613 442 3691 Qui
464 3632 574 3677 versus
599 3609 787 3695 saepissime
809 3610 987 3692 Theognidi
1011 3631 1030 3675 a
1052 3611 1153 3678 doctis
1177 3612 1354 3678 hominibus
1369 3613 1496 3680 crimini

281 3716 346 3780 dati
368 3722 448 3796 sunt,
472 3735 542 3780 eum
565 3733 705 3778 summae
727 3711 968 3777 inhumanitatis
984 3719 1078 3794 atque
1093 3714 1244 3779 saevitiae
1265 3734 1334 3780 esse
1349 3715 1498 3780 videren-

280 3825 330 3882 tur
353 3825 382 3881 et
404 3823 501 3900 poeta
522 3816 620 3880 nimia
641 3815 792 3897 superbia
825 3819 856 3878 et
888 3813 1017 3878 fastidio
1051 3814 1154 3880 elatus
1186 3815 1363 3898 iniustaque
1391 3817 1437 3880 ira
1461 3826 1496 3884 et

280 3919 452 3985 acerbitate
475 3923 646 3982 commotus
671 3915 713 3980 ad
734 3915 811 3980 talia
832 3914 1036 3981 descendisse
1052 3923 1228 4001 putaretur;
1244 3917 1302 3984 sed
1317 3917 1496 3985 cavendum

281 4028 338 4102 est,
360 4040 399 4083 ne
422 4039 479 4084 nos
502 4017 676 4086 severiores
702 4017 823 4083 iudices
851 4019 884 4083 in
911 4019 1131 4102 Theognidem
1156 4020 1375 4103 praebeamus,
1398 4039 1496 4104 quarn

277 4123 347 4206 ipse
370 4121 429 4186 fuit
451 4122 484 4186 in
506 4121 632 4206 plebem
654 4119 882 4201 Megarensem.
937 4121 1019 4184 Nam
1048 4120 1124 4203 quid
1146 4121 1284 4204 gravius,
1308 4121 1383 4204 quid
1405 4141 1496 4188 acer-

278 4223 348 4288 bius
369 4222 401 4286 in
423 4221 582 4288 hominem
605 4220 718 4288 cadere
740 4227 854 4305 potest,
881 4239 976 4304 quam
1001 4221 1110 4288 ridere
1132 4223 1226 4308 plane
1249 4243 1285 4289 se
1306 4223 1448 4306 ignorari
1471 4245 1494 4291 ιι
